3534 5450
402 863 404 870 ·
431 852 585 932 coluntur,
613 851 698 934 Apis
719 859 755 918 et
782 853 919 932 biueuis,
948 871 1070 934 quorum
1089 851 1215 917 alterurn
1236 848 1422 931 menpisco
1443 871 1499 918 co-

430 953 495 1016 luut
518 953 620 1036 Apim,
641 956 767 1018 alterum
785 950 989 1034 Heliupolltue
1007 953 1150 1015 Mneulm.
1177 1005 1194 1013 ,.

494 1056 547 1119 20.
591 1056 630 1116 ut
659 1059 790 1118 teneram
813 1055 851 1115 ab
873 1055 974 1118 radice
997 1053 1099 1115 iereus
1121 1051 1245 1114 Siluano
1266 1072 1449 1133 cupressum.

432 1151 583 1215 Siluanum
599 1156 720 1236 ¹quidam
744 1157 788 1220 sic
809 1159 906 1218 ortum
929 1157 1039 1220 lerunt.
1084 1151 1205 1214 Cratbls
1226 1157 1332 1233 pastor
1359 1156 1389 1217 bu
1412 1155 1526 1224 ltalia·

400 1250 494 1314 5cum
511 1257 600 1324 iuxta
617 1257 726 1320 'dumou
749 1257 896 1337 quoddam
917 1257 1059 1334 pasceret
1081 1252 1222 1331 capellas,
1245 1259 1278 1316 et
1294 1273 1379 1316 uuam
1398 1275 1500 1318 earum
1548 1304 1555 1316 ,

431 1352 546 1418 soleret
573 1359 741 1438 incurrere,
772 1357 831 1418 boc
860 1359 911 1416 est
937 1353 1050 1416 llbidlui
1077 1371 1152 1414 suae
1177 1353 1207 1413 in
1229 1341 1266 1414 eo
1288 1357 1442 1436 seruiret2
1466 1362 1500 1420 et

431 1453 631 1518 obdormisset
659 1459 688 1518 lu
715 1458 782 1535 ripa
811 1440 943 1534 sedens,
971 1455 1125 1535 somnique
1146 1453 1282 1534 pondere
1302 1459 1393 1534 caput
1414 1459 1499 1538 quasi

307 1603 309 1610 ,
431 1555 574 1618 deiectum
598 1559 729 1619 subinde
747 1561 883 1636 nutaret,
911 1574 1018 1636 caper,
1047 1556 1098 1636 qut
1121 1553 1243 1616 solebat
1264 1572 1328 1616 earn
1351 1557 1499 1635 capellum

424 1656 537 1733 salire,
558 1658 669 1734 impetu
692 1659 719 1718 in
740 1676 804 1720 eum
826 1660 907 1720 lacto
930 1644 1112 1736 cerebroque
1133 1657 1198 1720 sius
1219 1657 1357 1717 cornibus
1372 1658 1500 1731 disiecto

265 1745 269 1758 ⁴
372 1753 540 1818 litabieelt
568 1773 631 1820 eum
661 1757 693 1816 iu
712 1756 834 1839 flumen,
863 1758 944 1838 quod
966 1759 994 1818 iu
1017 1759 1087 1820 laeti
1112 1759 1277 1820 memoriam
1300 1757 1424 1820 Crathis
1449 1764 1501 1822 est

429 1853 623 1932 appellatum.
667 1853 740 1916 Cum
763 1860 860 1918 autom
883 1877 924 1919 ex
947 1857 1062 1938 capella
1082 1877 1159 1938 poor
1180 1863 1266 1920 esset
1285 1862 1388 1937 natus,
1413 1861 1500 1922 cuius

429 1974 499 2035 pars
520 1957 642 2018 interior
672 1961 738 2019 erat
766 1960 903 2050 caprina,
933 1976 1056 2040 eumque
1077 1959 1211 2021 domiuus
1231 1959 1374 2022 educaret
1399 1977 1499 2037 auge-

421 2059 536 2138 ‚retquc
567 2060 631 2120 eiua
660 2076 722 2120 rem
751 2059 941 2138 familiarem,
977 2061 1011 2122 ul
1039 2078 1105 2121 eum
1133 2059 1342 2122 animaduertit
1377 2059 1498 2124 adultae

422 2175 499 2219 ,esso
526 2159 635 2220 aetatis
665 2161 826 2238 educator,
854 2162 980 2237 timens,
1007 2178 1046 2220 ue
1069 2136 1176 2220 feritas
1197 2161 1262 2222 eius
1279 2162 1404 2221 noceret
1424 2163 1499 2240 suls,
1611 2183 1613 2205 r

379 2254 502 2319 15clam
524 2247 591 2318 e'um
612 2257 692 2320 tollit
712 2260 742 2320 iu
762 2259 864 2319 siluam
888 2263 920 2321 et
940 2259 981 2318 ibi
1002 2259 1145 2322 destituit.
1189 2258 1283 2343 Quem
1305 2262 1374 2344 quia
1392 2263 1422 2323 in
1444 2263 1497 2326 sil·
1611 2302 1613 2318 .

430 2375 467 2418 ua
488 2358 609 2438 primum
632 2361 777 2436 agrestes
803 2362 1044 2440 conspexerant,
1072 2363 1106 2422 ut
1127 2359 1212 2420 deum
1235 2363 1369 2424 uenerati
1391 2363 1496 2425 Silua*-
1611 2380 1613 2386 ⁸

427 2476 494 2519 uum
517 2459 755 2539 appellauerunt·

491 2576 545 2654 27,
589 2571 729 2654 Accipiat
751 2577 877 2653 cingens
893 2580 1030 2640 materna
1051 2581 1184 2659 tempora
1206 2582 1328 2658 myrto·

426 2675 549 2755 lllyrtus
571 2681 618 2741 est
641 2677 799 2759 arbuscula
819 2677 946 2739 Veneris
968 2681 1104 2741 subiecta
1129 2679 1257 2741 tutelam
1298 2675 1416 2745 Caesar
1437 2699 1495 2744 au·

309 2812 312 2819 ·
376 2778 488 2845 auten
509 2777 600 2838 lulius
623 2780 691 2859 qula
714 2778 803 2840 trabit
825 2779 863 2839 ab
877 2777 986 2840 Aenea
1008 2798 1118 2856 genus,
1140 2781 1246 2839 iccirco
1268 2782 1400 2840 materna
1415 2802 1496 2861 myr·
1539 2858 1547 2863 ἢ
1611 2795 1613 2854 5

427 2883 476 2976 tus
498 2879 577 2941 dicta
600 2881 648 2940 est
670 2896 687 2939 a
709 2878 860 2956 Vergilio.

490 2995 543 3059 ³0.
672 3016 734 3029 *¹
865 2995 936 3057 Tibi
957 2994 1071 3056 seruiat
1092 2993 1194 3056 ultima
1214 2994 1325 3077 Thule,

555 3098 646 3179 teque
667 3097 724 3158 sibi
740 3112 890 3175 ¹generum
912 3094 1033 3174 'l'etbys
1055 3097 1133 3157 emat
1153 3097 1287 3159 omnibus
1310 3098 1406 3159 undis.
1430 3106 1434 3111 ‘

420 3198 574 3281 'Superior
596 3219 703 3263 sensus
727 3198 859 3261 declarat
881 3198 992 3275 ambigi
1015 3199 1092 3261 iuter
1115 3198 1402 3278 consummissi
1425 3218 1492 3263 auc-

375 3310 419 3376 25
428 3304 536 3364 cedere
560 3301 671 3362 debeat
690 3298 819 3377 Caesar,
843 3301 963 3379 lrugum
985 3303 1256 3383 tempestatumque
1277 3301 1390 3364 arbiter
1412 3303 1492 3365 iutu-
1611 3321 1612 3330 ¹

426 3423 477 3465 rus
498 3402 670 3480 agrestibus
693 3405 724 3463 et
746 3401 878 3462 omnibns
901 3400 1024 3462 urbibus
1054 3402 1247 3485 uenerabilis,
1277 3421 1426 3486 sequeus,
1455 3422 1493 3465 an
1611 3457 1612 3480 p

427 3506 515 3567 etiam
543 3502 701 3597 Neptuno,
730 3504 780 3585 qui
808 3504 835 3563 ei
864 3504 916 3565 det
944 3501 1166 3582 Amphitriten,
1195 3523 1321 3565 uxorem
1351 3504 1492 3586 Neptuni,
1611 3499 1612 3564 f

421 3604 551 3669 'suturam
570 3604 708 3669 Caesaris
729 3606 898 3681 coniugem,
920 3602 1045 3681 Tethyn
1066 3606 1190 3665 uratrem
1212 3607 1255 3667 ait
1276 3606 1411 3669 dubitare
1432 3624 1492 3694 ge·
1611 3597 1612 3626 ³

426 3711 558 3769 ueratam
587 3725 627 3768 ex
657 3707 786 3768 Oceano.
830 3704 950 3767 lusulac
979 3705 1100 3767 suntin
1126 3722 1238 3769 oceano
1265 3708 1493 3788 septentrionali

496 3940 522 3990 1.
541 3938 639 3991 Mneui
657 3942 693 4001 V,
719 3938 808 3989 Mueii
826 3943 863 4002 P,
889 3932 1050 4009 petrocorii.
1117 3943 1143 3993 l.
1162 3941 1286 4009 Liopute
1309 3942 1374 4002 ΥΡ,
1399 3936 1494 3993 biero-

427 4024 536 4095 politae
554 4027 594 4075 Er
613 4023 661 4090 qui
680 4022 785 4075 colitur
800 4022 830 4073 in
848 4023 999 4093 Heliopoii
1018 4020 1193 4099 Pomponius
1210 4023 1343 4076 Sabinus.
1412 4024 1493 4078 bluo-

425 4115 454 4164 ni
475 4114 510 4178 V,
530 4108 622 4163 Mueli
640 4115 677 4169 P,
700 4111 813 4175 μέμιμν
830 4110 863 4159 Ε.
934 4110 960 4161 ⁹.
978 4105 1065 4165 salire
1085 4112 1125 4172 Ε,
1147 4109 1251 4159 sollers
1271 4110 1332 4160 VP.
1400 4110 1444 4160 10.
1463 4111 1493 4160 iu

425 4196 495 4249 iacti
516 4195 683 4247 memoriam
702 4193 733 4243 V
739 4190 791 4257 (1),
811 4186 945 4246 editores:
963 4194 992 4245 in
1009 4193 1078 4246 iacti
1096 4194 1211 4244 nomine
1228 4194 1291 4244 PE:
1306 4188 1439 4261 fortusse
1456 4194 1493 4245 ab

423 4278 571 4331 interiecti
590 4279 713 4331 contine.
766 4278 809 4328 12.
829 4292 949 4344 eumque
959 4280 993 4340 E,
1015 4279 1125 4339 euurV,
1146 4276 1198 4328 cut
1212 4290 1275 4329 euru
1285 4285 1317 4328 Ρ.
1368 4278 1412 4330 13.
1430 4278 1492 4331 eiua

427 4378 483 4414 om.
496 4367 531 4413 P.-
550 4378 585 4413 ea
603 4376 634 4414 ro
654 4360 879 4414 familiaritatem
895 4364 930 4411 Ε.
1000 4357 1043 4426 ut]
1065 4365 1094 4410 ot
1110 4365 1141 4409 Ρ.
1210 4360 1254 4413 15.
1274 4360 1353 4429 quia]
1374 4361 1449 4431 quod
1460 4369 1491 4413 Ρ.

459 4448 502 4498 18.
531 4446 669 4512 cingentis
688 4448 748 4497 VP.
836 4452 966 4495 materna
990 4459 1046 4495 om.
1064 4452 1094 4495 Ρ.
1181 4447 1225 4497 to.
1255 4445 1333 4514 qula]
1360 4448 1437 4513 qod
1459 4453 1491 4498 Ρ.

392 4598 395 4605 Ι
458 4531 502 4581 23.
520 4522 621 4581 'serbis
640 4532 677 4592 V,
701 4527 811 4593 Tbetys
828 4532 859 4583 Ρ.
937 4530 980 4578 27.
999 4525 1061 4594 dat]
1088 4528 1124 4583 do
1142 4533 1179 4584 V.
1253 4532 1299 4585 28
1318 4529 1434 4597 'l'botyu
1455 4531 1490 4594 V,

425 4613 530 4667 Thetin
547 4620 577 4665 Ρ.
