3534 5450
603 657 618 763 Ϊ
713 695 925 760 -er-

295 883 359 947 pro
380 863 600 926 instrumentis
620 865 774 938 rustico,
795 873 833 924 ut
853 859 1040 926 Dicendum
1061 875 1094 928 et
1114 887 1200 948 puae
1213 871 1281 933 rint
1294 873 1358 936 du-

286 967 337 1028 rio
359 961 546 1044 agrestibua
567 983 665 1024 arma
683 963 690 1043 l
708 965 855 1043 ponuntur
874 982 929 1043 pro
952 967 1120 1049 caestibua,
1142 970 1270 1033 Petilius
1291 975 1358 1054 pal-

287 1087 350 1140 mns
380 1067 529 1128 amborum
556 1066 692 1126 innexuit
719 1067 823 1127 aruris:
858 1071 1006 1145 ponuntur
1041 1087 1096 1148 pro
1128 1051 1277 1147 pistoruue
1305 1079 1356 1136 irr-

286 1171 493 1242 strumentis,
511 1165 516 1247 Ι
542 1165 734 1246 Cerialiaque
753 1183 833 1226 arma
855 1167 1038 1244 expediunt:
1066 1175 1214 1248 ponuntur
1236 1179 1358 1254 proprie

266 1270 482 1354 ‚soo‘nornine
505 1287 584 1328 arma
599 1267 753 1344 cumtolis,
775 1264 882 1340 Arma,
904 1267 970 1345 uiri,
992 1268 1069 1330 terte
1093 1287 1206 1336 arma:
1230 1285 1263 1334 et
1278 1275 1388 1337 itm

289 1377 327 1434 in
346 1369 351 1454 Ι
370 1375 456 1452 parte
477 1370 619 1432 orationis
641 1370 788 1448 ponuntur
810 1385 864 1445 pro
887 1367 1027 1447 fulgore,
1051 1373 1265 1454 Armatourque
1286 1395 1358 1438 auro

264 1471 487 1551 5oircunrspicit
504 1470 626 1533 Oriona.
671 1467 879 1547 Significant
892 1471 1067 1545 tumuere,
1084 1469 1090 1552 Ι
1111 1472 1292 1554 Ferrnmque
1309 1496 1358 1538 ῃ.

288 1594 367 1638 nrere
390 1592 515 1635 ueneno.
559 1571 715 1651 Accipitur
735 1571 767 1632 et
788 1567 966 1648 prohelio,
993 1572 1027 1630 ut
1056 1570 1104 1632 lric
1132 1571 1227 1636 Arma
1248 1577 1359 1639 uirum-

289 1695 347 1759 que
371 1694 454 1738 cuno.
471 1672 481 1754 l
1472 1642 1481 1661 ’

309 1835 310 1840 ,
358 1781 386 1842 1.
431 1775 484 1836 Vir
511 1773 607 1836 trihus
636 1774 732 1835 modis
755 1772 792 1834 acl
812 1771 1049 1849 intellegentiam
1079 1777 1174 1839 datur.
1237 1779 1411 1857 Ponitnrlo
1533 1809 1541 1817 ·

291 1882 364 1942 enim
395 1881 515 1956 natura,
545 1878 670 1954 uirtute,
708 1874 879 1936 adfinitate:
916 1877 1051 1955 natura,
1080 1879 1177 1940 Belia
1204 1887 1278 1944 uiri
1294 1906 1362 1966 pa-

291 1981 432 2064 cemlque
455 1982 579 2056 gerant:
602 1977 745 2056 accipitur
764 1993 819 2054 pro
841 1974 969 2051 uirtute,
991 1974 1106 2036 Haeret
1127 1981 1275 2060 pedeprs
1288 1985 1361 2047 den.

292 2101 407 2163 arasque
426 2083 489 2142 uiro
512 2081 571 2138 uir:
596 2076 761 2152 adfinitate,
784 2073 811 2134 0
833 2073 927 2149 digno
947 2077 1122 2135 coniuncta
1144 2081 1227 2139 uiro.
1254 2078 1261 2163 l
1301 2082 1360 2145 ca.

291 2205 364 2248 nere
386 2188 512 2263 quatuor
534 2177 772 2256 significationes
792 2173 907 2238 habet:
930 2176 1049 2252 ponitur
1070 2197 1126 2257 pro
1147 2184 1280 2261 cantare,
1303 2184 1362 2246 Hic

290 2288 370 2352 canit
399 2285 546 2346 errantem
575 2279 687 2360 lunam:
722 2277 841 2356 ponitur
873 2293 930 2354 pro
965 2277 1177 2354 praedicare,
1208 2277 1254 2341 Et
1279 2279 1412 2355 miletis

290 2390 356 2448 ium
375 2385 381 2466 Ι
400 2382 483 2445 multi
506 2380 628 2443 crudele
651 2378 798 2441 canebant
819 2377 958 2439 exitium:
980 2381 1098 2455 ponitur
1119 2399 1175 2458 pro
1195 2384 1362 2462 uaticinnri,

295 2486 364 2568 lpsa
386 2503 476 2547 canus
499 2501 563 2543 oro.
607 2481 667 2542 Pro
694 2481 821 2541 carmine
841 2475 890 2536 hlc
910 2477 1095 2558 accipient

245 2584 286 2645 10
361 2589 390 2649 1.
434 2585 546 2646 Troiae
569 2580 607 2642 ab
630 2582 702 2642 oris.
746 2580 806 2640 Per
827 2577 988 2656 perifrasin
1011 2577 1231 2641 circumlocutns
1254 2586 1303 2643 eet
1324 2581 1362 2642 alr

294 2686 356 2751 oris*
378 2687 491 2749 Troiae
506 2701 566 2765 pro
578 2701 596 2744 a
608 2681 711 2745 Troia.
741 2677 956 2757 significantur
967 2681 1068 2740 autem
1088 2678 1189 2740 litora
1203 2679 1346 2763 marie}

296 2795 328 2852 nt
351 2795 400 2852 est
422 2790 513 2850 Pauci
536 2787 645 2847 uestris
666 2783 837 2846 adnauirnus
859 2780 936 2843 orie:
959 2779 1165 2856 significantur
1188 2780 1281 2859 lines,
1300 2781 1414 2857 lta-20

294 2893 375 2973 lique
405 2890 481 2952 hanc
507 2889 606 2949 litoris
635 2904 733 2957 oram:
766 2880 978 2961 significantur
1006 2890 1040 2939 et
1061 2892 1232 2941 extremar
1250 2881 1256 2962 1
1275 2883 1366 2963 clipei

296 2998 419 3074 partes,
441 2992 529 3053 Subit
550 3008 620 3051 oras
641 2989 729 3051 laste
750 3003 806 3067 per
827 2986 917 3045 inest
940 2980 1144 3057 significantur
1167 2986 1198 3044 et
1211 2986 1366 3065 regiones,

297 3100 331 3156 nt
367 3093 416 3156 lric
450 3093 563 3155 Troiae
592 3092 642 3171 qni
678 3089 790 3168 primus
819 3086 857 3145 ab
889 3083 951 3142 oris
983 3080 991 3162 l
1023 3083 1136 3162 primns

508 3187 705 3271 northamuel

361 3298 391 3359 1.
434 3295 528 3357 Arma
549 3308 667 3371 semper
689 3284 798 3367 plurali
819 3291 942 3346 numero
962 3284 1156 3362 enuntianda,
1178 3279 1231 3359 sel
1250 3286 1299 3348 lric
1312 3296 1418 3367 per25

251 3393 496 3477 15μετωνυμ1αν
516 3394 629 3458 bellum
658 3388 865 3465 intellegetur.
893 3383 898 3466 Ι
965 3384 1166 3463 Merrurupriux
1185 3391 1234 3448 est
1256 3404 1312 3466 per
1336 3388 1368 3448 11

299 3499 379 3581 quorl
401 3490 532 3559 continet
548 3497 576 3556 id
592 3494 670 3575 quod
689 3493 870 3566 continetur,
899 3488 933 3547 ut
961 3484 1067 3545 dicitur
1096 3482 1192 3547 Ceres
1220 3504 1277 3563 pro
1307 3489 1368 3547 iru-

298 3602 406 3679 'gilrus,
435 3617 515 3659 arma
537 3617 590 3677 pro
614 3596 735 3668 bellot
816 3605 821 3609 “
951 3659 956 3668 ,

275 3699 296 3759 h
365 3702 417 3762 11.
459 3697 604 3778 inpulerit
620 3699 669 3761 hie
691 3692 841 3771 coegerit,
865 3686 935 3749 alibi
957 3684 1107 3763 siguificat
1126 3669 1295 3764 inpingere,
1315 3683 1371 3746 ln-

269 3802 375 3883 'pulit
398 3802 425 3861 in
449 3799 545 3860 lutose
575 3798 727 3875 significat
757 3796 789 3855 et
808 3794 974 3869 temptare,
1004 3786 1158 3865 lupuleral
1181 3788 1282 3848 icrro:
1301 3786 1307 3869 1
1326 3786 1422 3857 ai-ao

301 3899 424 3983 gnificat
445 3903 582 3982 aperire,
605 3898 716 3979 lnpulit
738 3897 804 3975 ipsa
827 3910 912 3953 manu
934 3890 1077 3969 portae!

336 4056 432 4119 21111.
450 4058 481 4107 In
494 4056 625 4105 lrocuerru
639 4052 777 4101 admodum
786 4046 942 4104 circumcr'co,
961 4043 1001 4092 r'ta
1019 4054 1047 4103 ur
1064 4053 1168 4108 praeter
1184 4058 1212 4087 u.
1231 4039 1375 4100 ponuntur

302 4142 369 4195 niiil
380 4142 495 4192 relictum
507 4142 550 4203 eit,
565 4137 704 4209 supplendo
711 4143 811 4184 uerutus
818 4148 874 4179 rum
880 4129 995 4177 Marum.
1015 4128 1229 4175 Fortasseauiem
1239 4116 1375 4165 anteitur

303 4226 587 4293 aliiuersuapen'erunr.
626 4224 658 4275 G.
669 4222 695 4283 1,
714 4217 774 4271 160.
810 4212 838 4263 7.
856 4216 894 4263 A.
919 4210 944 4260 5.
962 4208 1023 4260 125.
1058 4206 1084 4257 3.
1103 4204 1177 4263 Ad,
1195 4199 1256 4248 177.
1290 4200 1328 4248 A.
1348 4198 1375 4258 2,

303 4309 364 4363 558.
431 4312 457 4361 1.
482 4313 520 4360 A.
540 4307 572 4371 3,
590 4306 651 4359 517.
720 4302 746 4353 5.
763 4302 801 4350 A.
819 4294 850 4357 9,
874 4293 937 4366 773.
1005 4290 1031 4340 fi.
1050 4293 1087 4338 A.
1106 4287 1138 4348 7,
1163 4280 1223 4333 ill.
1291 4282 1318 4331 7.
1337 4286 1376 4333 A.

304 4396 347 4457 111,
366 4392 426 4445 361.
496 4396 529 4445 E.
549 4392 574 4454 8,
593 4390 637 4441 37.
706 4386 732 4437 8.
751 4388 787 4437 A.
807 4382 832 4446 1,
850 4378 911 4429 717.
963 4378 999 4425 A.
1017 4373 1044 4433 2,
1063 4369 1123 4423 121.
1186 4365 1211 4417 9.
1230 4370 1268 4417 A.
1286 4363 1314 4429 6,
1331 4363 1376 4417 76.

338 4478 382 4529 11.
400 4480 438 4528 Λ.
457 4478 489 4539 1,
513 4475 574 4529 538.
643 4476 680 4524 A.
700 4469 729 4537 3,
754 4466 814 4519 396.
885 4461 929 4511 12.
953 4463 989 4511 Α.
1015 4457 1063 4519 111,
1087 4454 1146 4506 588.
1216 4450 1259 4502 13.
1283 4452 1378 4519 Incipit

304 4584 391 4615 uererer
409 4566 437 4614 in
455 4565 541 4613 media
554 4559 619 4629 ferr
637 4557 722 4620 linea,
743 4557 783 4604 itu
801 4564 829 4603 ut
846 4570 873 4600 ιι.
894 4544 1000 4613 primun
1017 4544 1063 4592 rub
1081 4560 1108 4590 m
1133 4537 1205 4587 ima!
1223 4535 1379 4588 collocatum

267 4666 270 4672 ’
305 4652 348 4699 rit.
389 4645 432 4697 11.
452 4660 569 4713 perum.
589 4646 680 4695 corlex.
720 4638 764 4691 18.
784 4640 820 4687 A.
842 4633 867 4694 1,
886 4631 929 4683 87.
971 4630 1008 4680 A.
1028 4626 1054 4687 2,
1072 4623 1114 4676 55.
1162 4622 1206 4672 17.
1226 4624 1262 4671 Α.
1274 4620 1302 4680 7,
1318 4616 1378 4670 671.

360 4745 437 4797 utor,
460 4744 537 4787 scau.
553 4742 575 4782 ru
594 4738 658 4789 verz.
1153 4708 1177 4768 6
