3534 5450
376 1505 453 1614 P.
467 1535 632 1622 'Vergilius
648 1543 735 1605 Maro
759 1546 845 1607 natus
859 1547 959 1609 idibus
974 1541 1155 1609 Octobribus
1170 1543 1284 1607 Crasso
1307 1550 1339 1607 et
1413 1577 1420 1582 »

270 1647 411 1728 Pompeio
436 1643 615 1712 Consulibus
638 1649 731 1707 matre
753 1645 860 1724 Magia
881 1648 978 1727 Polla,
1000 1650 1088 1728 patre
1109 1646 1248 1726 Vergilio
1269 1666 1339 1708 rus-

270 1750 328 1810 tico
350 1752 417 1812 uico
440 1747 578 1828 Andico,
612 1749 661 1830 qui
684 1739 771 1814 abest
793 1770 810 1810 a
831 1747 955 1814 Mantua
977 1749 1057 1810 milia
1078 1767 1218 1828 passuum
1240 1745 1341 1828 XXX,

200 1913 201 1920 χ
269 1851 350 1911 tenui
375 1850 518 1912 facultate
547 1851 686 1913 nutritus.
740 1849 802 1911 Sed
834 1869 898 1911 cum
927 1851 983 1910 iam
1012 1850 1131 1909 suummis
1153 1849 1342 1930 eloquentiae

269 1951 442 2036 doctoribus
477 1954 614 2029 uacaret,
649 1952 678 2010 in
711 1951 782 2010 belli
817 1950 915 2010 ciuilis
944 1953 1080 2028 tempora
1107 1949 1226 2027 incidit,
1260 1945 1372 2030 quod5

231 2081 233 2086 ·
269 2051 431 2130 Augustus
454 2052 600 2112 aduersus
621 2047 782 2110 Antonium
801 2051 919 2128 gessit,
952 2050 1134 2129 primumque
1155 2048 1265 2109 bellum
1284 2066 1343 2110 ue-

270 2156 382 2214 teranis
410 2154 482 2234 post
504 2149 692 2230 Mutinense,
724 2154 832 2230 postca
859 2151 1016 2212 restitutus
1040 2149 1186 2222 beneficio
1208 2147 1341 2227 Alpheui

269 2253 360 2334 Vari,
383 2254 484 2314 Asinii
506 2253 652 2313 Pollionis
676 2255 707 2313 et
729 2249 863 2313 Cornelii
887 2251 984 2328 Galli,
1014 2250 1119 2331 quihus
1141 2250 1171 2311 in
1192 2249 1342 2310 Bucolicis

270 2357 422 2420 adulatur:
452 2355 560 2419 delude
583 2372 638 2433 per
660 2355 788 2432 gratiam
811 2351 998 2412 Maecenatis
1029 2352 1059 2410 ia
1081 2351 1236 2411 amicitiam
1258 2346 1342 2412 Cae·

269 2459 346 2520 saris
370 2459 475 2519 ductus
498 2459 557 2517 est.
601 2454 687 2516 Vixit
707 2454 842 2534 pluribus
864 2454 948 2512 anuis
975 2450 1091 2511 liberali
1119 2452 1149 2511 ln
1172 2451 1255 2530 ocio,
1283 2468 1334 2511 se·
1346 2443 1388 2505 10

270 2562 356 2622 cutus
378 2557 499 2636 Epicuri
523 2557 651 2631 sectam,
681 2555 794 2629 insigni
817 2535 975 2614 concordia
998 2552 1029 2610 et
1050 2549 1249 2610 familiaritate
1269 2569 1343 2611 usus

270 2657 393 2745 Quintili
407 2658 527 2719 'roccae
550 2658 582 2716 et
603 2653 688 2716 Vari.
732 2653 863 2733 Scripsit
884 2649 1024 2709 Bucolica
1046 2667 1140 2710 anuos
1161 2653 1248 2710 natus
1267 2647 1343 2711 vssl

270 2766 302 2826 et
321 2758 399 2839 XX,
422 2758 614 2835 Theocritum
636 2759 777 2832 secutus,
807 2750 962 2828 Georgica
982 2750 1145 2811 Hesiodum
1175 2753 1207 2813 et
1228 2737 1363 2819 Varro-s

269 2882 354 2941 nem,
381 2858 520 2923 Aeneida
548 2861 714 2935 ingressus
737 2853 818 2916 hello
841 2852 1019 2917 Cantabrico
1039 2848 1112 2899 *³⁸*
1141 2849 1199 2919 hoc
1220 2869 1339 2934 quoque

270 2963 385 3043 ingenti
415 2954 560 3023 industria
588 2959 625 3020 ab
656 2958 799 3033 Augusto
830 2971 925 3035 usque
953 2952 992 3013 ad
1022 2954 1191 3015 sestertium
1221 2954 1337 3015 centies
1349 2940 1392 3006 15

269 3066 445 3129 honestatus
468 3064 527 3125 est.
570 3060 715 3121 Decessit
737 3059 765 3117 ln
783 3053 924 3119 Calabria
946 3072 1050 3114 annum
1071 3071 1170 3129 agens
1192 3054 1340 3134 quinqua-

268 3168 414 3247 gesimum
444 3167 474 3225 et
500 3162 621 3241 primum
649 3156 811 3218 heredibus
841 3155 986 3231 Augusto
1016 3157 1048 3215 et
1069 3153 1247 3215 Maecenate
1276 3173 1340 3216 cum

267 3259 531 3331 Proculo'mioore
561 3260 666 3320 fratre.
710 3254 744 3316 lu
768 3255 831 3314 eius
861 3254 1019 3334 sepulcro,
1050 3255 1128 3341 quod
1157 3257 1206 3315 est
1234 3255 1264 3313 in
1291 3254 1361 3315 uia-

268 3364 451 3441 Puteolana‚
473 3360 530 3423 lroc
550 3359 664 3437 legitur
687 3358 885 3437 epigramma:

374 3464 500 3528 Mantua
520 3479 566 3523 me
588 3459 712 3537 genuit,
736 3454 859 3529 Calabri
881 3471 1025 3535 rapuero,
1047 3454 1131 3515 tenet
1151 3469 1228 3515 nunc
1344 3438 1390 3502 20

373 3565 584 3643 Parthenope:
607 3561 700 3623 cecini
722 3576 851 3639 pascua,
874 3574 961 3633 rura,
985 3554 1087 3614 duces.

268 3754 312 3805 M.
331 3764 396 3801 van.
414 3762 500 3799 enom
517 3748 554 3810 V,
577 3743 688 3797 Valerii
711 3740 800 3793 Probi
824 3740 855 3791 in
876 3736 1032 3791 Bueeoliea
1056 3738 1086 3785 et
1108 3731 1252 3800 Georgica
1269 3731 1338 3785 Ver·

304 3836 369 3905 gilii
387 3829 650 3885 commentariolum
669 3833 701 3889 P,
721 3839 807 3878 enom
820 3832 1030 3875 venuensem
1046 3830 1226 3871 cummanum
1242 3831 1273 3869 m
1288 3829 1338 3867 av·

303 3934 409 3993 cornea
429 3927 630 3969 conmanunmu
648 3913 682 3962 Ε.

337 4038 363 4087 1.
382 4034 415 4086 Ρ.
436 4050 493 4086 em.
513 4036 542 4083 P.
598 4028 710 4081 eidibus
723 4028 759 4079 V.
819 4024 929 4077 octobr.
942 4023 979 4081 V,
998 4018 1125 4071 octobris
1140 4020 1172 4068 P.
1234 4016 1261 4065 ².
1278 4010 1338 4065 Ma·

269 4120 320 4172 hia
338 4127 369 4172 Ρ.
444 4119 470 4171 o.
489 4116 664 4185 primumque
683 4116 749 4179 poet
765 4108 928 4161 Mutinense
944 4104 1050 4157 bellum
1066 4100 1254 4159 ueteranisJE,
1262 4092 1338 4162 for-

269 4213 343 4257 tasse
367 4202 548 4269 primumque.
570 4202 636 4267 post
652 4196 814 4261 Mutinense
836 4192 944 4244 bellum
959 4188 1104 4239 ueteranis
1121 4182 1185 4250 agri
1203 4179 1265 4231 elus
1283 4176 1338 4229 dio-
1395 4239 1429 4268 Ψ

270 4287 372 4339 tributi
397 4291 477 4347 eunt,
500 4290 612 4351 postea.
686 4282 713 4331 7.
732 4277 827 4332 albeni
846 4279 882 4331 V.
958 4273 1001 4323 12.
1027 4275 1093 4342 octo
1117 4271 1145 4316 et
1167 4262 1285 4337 triginta
1307 4264 1337 4311 P.
1355 4262 1412 4303 Νι
1428 4248 1494 4321 0⁴5}
1516 4263 1558 4308 ἐκ.

303 4370 347 4421 dd.
367 4364 421 4419 hac
437 4371 467 4419 P.
493 4366 678 4428 Delemna,
705 4378 793 4436 quam
814 4358 962 4419 constitui,
992 4350 1032 4421 cf.
1055 4354 1158 4401 Donat.
1180 4347 1229 4417 uit⁷
1250 4346 1336 4411 Verg.

305 4456 348 4507 18.
367 4454 400 4505 ln
422 4466 478 4502 om·
490 4452 570 4502 VPB.
623 4453 704 4501 euius
722 4450 782 4509 ΥΡ,
802 4445 904 4511 quoius
921 4444 955 4491 Ε.
1024 4437 1068 4487 21.
1085 4444 1191 4500 pascua
1203 4441 1271 4480 rura
1288 4426 1338 4477 du·

271 4556 319 4592 ees
337 4540 400 4601 PE,
414 4539 520 4587 Donat.
538 4533 587 4583 uit.
606 4534 708 4601 Verg.,
728 4526 863 4601 Cynthium
883 4522 1038 4578 cananaeis
1055 4517 1122 4588 Mei
1138 4515 1234 4570 cosor.
1253 4510 1336 4563 class.

270 4627 335 4678 Vn.
349 4640 379 4697 p.
393 4621 459 4675 8²3:
478 4630 585 4687 pasena
601 4630 685 4682 poma
701 4612 824 4682 phrugee
841 4613 877 4664 V.

322 4708 398 4759 Keil,
413 4703 487 4747 Sclnol.
501 4705 524 4745 ln
539 4701 601 4749 Vera.
1116 4670 1133 4731 l
