3534 5450
294 779 334 842 oia
364 777 424 844 iou
450 782 564 860 inigida
591 788 642 847 est
670 789 701 848 rt
724 785 869 865 obscura,
900 788 999 866 trigue
1025 788 1056 851 in
1079 775 1244 868 proximam
1263 791 1368 870 regio·

292 897 358 944 num
385 885 522 964 peruenit
550 890 583 950 ei
609 873 749 952 miscetur
777 869 888 968 calori,
911 891 960 974 qut
989 909 1031 953 ex
1052 891 1159 955 adusta
1178 892 1308 970 regione
1335 893 1366 954 m

291 984 413 1048 eandem
442 986 547 1052 aeden
575 989 686 1066 iertur‚
715 991 747 1052 et
776 989 907 1052 efficitur
936 992 1103 1072 temperata
1123 993 1230 1072 regio,
1252 993 1283 1054 in
1306 1010 1365 1074 qua

284 1085 408 1167 numus,
431 1107 509 1170 quae
533 1093 582 1153 est
601 1089 783 1152 habitabilis.
825 1089 954 1166 Aitcrae
969 1094 1045 1155 duae
1066 1092 1287 1171 inhabitabiles,
1308 1093 1365 1156 aed
1470 1171 1475 1178 Ι

277 1185 416 1264 ·1airysioa
443 1185 565 1265 ratione,
589 1192 677 1254 noble
713 1193 782 1257 aaut
811 1192 997 1270 incognitae.
1061 1193 1256 1258 prohibemur
1284 1193 1395 1262 enlm5

289 1289 562 1356 transircadusiae
582 1293 719 1372 regioni·
742 1291 881 1356 calorem.
925 1293 991 1356 Sed
1013 1295 1082 1376 quia
1103 1295 1133 1358 in
1154 1293 1278 1356 meridie
1292 1294 1364 1355 iaru-

288 1405 361 1450 nram
384 1389 658 1474 connecteremus,
679 1394 757 1458 uitra
779 1393 872 1458 aciem
894 1412 1033 1474 rognum
1054 1395 1182 1476 spatium
1209 1396 1286 1460 caeti
1307 1413 1360 1457 ua-

287 1505 357 1552 care
377 1492 487 1556 scimus
509 1496 541 1557 et
562 1495 592 1555 in
614 1497 790 1558 contrarium
811 1495 900 1558 nohis
921 1499 1037 1576 partem
1067 1499 1132 1560 eiua
1153 1497 1255 1563 radios
1286 1496 1361 1560 terri

286 1593 319 1655 ei
339 1595 577 1673 quenadmodum
607 1593 672 1676 iric,
701 1598 742 1660 ita
763 1597 824 1658 iiiio
845 1596 993 1677 deiicere,
1024 1597 1073 1660 uiai
1095 1597 1272 1662 deiecerunt
1288 1615 1360 1662 cuae

285 1693 387 1770 frigus
409 1716 472 1760 cum
495 1695 644 1777 tenebris,
667 1699 700 1761 ct
720 1699 789 1762 inde
812 1697 938 1780 aliquam
959 1701 1076 1778 partem
1097 1699 1171 1763 ierri
1195 1701 1225 1763 in
1248 1699 1412 1778 proxi-10

284 1798 477 1862 carantocum
499 1802 531 1865 et
551 1818 592 1863 ex
609 1800 866 1880 aduataregione‚
888 1818 965 1880 quae
988 1800 1087 1862 initur
1106 1798 1232 1867 oroncii
1253 1799 1358 1864 uuicti·
1508 1794 1511 1805 “

285 1897 346 1960 tiati
370 1900 491 1978 circuio,
512 1902 543 1962 in
565 1903 687 1966 eunden
710 1902 867 1980 conuenire
889 1918 1040 1979 uaporem,
1062 1901 1093 1962 et
1115 1903 1242 1981 utroque
1263 1902 1358 1964 mixto

282 1998 407 2078 perinde
435 2005 628 2080 temperatam
657 2001 781 2065 eiiiccre
816 2001 974 2078 regionem
1009 1999 1135 2067 mediam
1162 2001 1297 2081 frigidae
1326 2003 1359 2064 ei

282 2100 420 2165 tuusne.
463 2101 599 2186 Quinque
620 2113 697 2182 crgo
727 2104 796 2168 sunt
817 2117 912 2166 nonae
938 2101 968 2163 in
988 2101 1117 2180 regione
1139 2101 1216 2166 cneii
1237 2105 1269 2164 et
1290 2100 1357 2166 ter-
1448 2097 1452 2102 ’

240 2205 246 2208 “
282 2218 355 2282 rae,
391 2202 468 2266 duae
499 2208 655 2268 extremae
682 2203 832 2282 irigidae,
868 2196 1115 2282 septentrionalia
1147 2203 1182 2266 ct
1211 2201 1406 2280 austrinam

276 2321 341 2366 ,uua
359 2303 483 2386 adusta,
505 2305 582 2370 duae
604 2309 788 2388 temperatae
811 2305 889 2371 inter
911 2303 1050 2382 caiatiam
1073 2304 1105 2372 et
1125 2301 1272 2382 murum,
1291 2304 1357 2364 otu-

281 2408 393 2482 genteu
414 2424 480 2470 cara
502 2410 535 2470 et
555 2407 770 2472 internitentes
799 2404 939 2484 trigidio,
968 2421 1088 2484 quarum
1117 2404 1214 2471 attera
1236 2405 1356 2468 antioc-

282 2523 404 2572 curuene
425 2509 561 2572 uocatur·
574 2539 618 2554 -
661 2505 718 2570 Via
736 2508 833 2570 autem
856 2505 941 2567 secta
961 2521 1018 2582 per
1040 2502 1143 2571 ambas
1165 2503 1237 2566 dicit
1259 2504 1355 2580 uigui-

280 2607 373 2670 ierom
396 2607 545 2686 circuiunt,
567 2606 616 2689 qui
637 2626 655 2670 a
676 2607 800 2670 bruuaoii
819 2603 1018 2686 oiaiiquoaad
1037 2601 1228 2670 solstitialem
1250 2603 1344 2682 uenit,

280 2708 323 2773 ita
344 2710 377 2772 ut
389 2708 548 2774 brumalem
560 2709 668 2789 ungat
690 2709 873 2789 capricorno,
894 2703 1087 2771 solstitiaiom
1106 2721 1224 2784 cancro,
1245 2703 1407 2785 nequi-20

281 2810 438 2877 noctialem
460 2811 537 2875 iiiara
559 2812 707 2875 etariete.
728 2843 771 2857 -
814 2808 963 2889 Obliquus
977 2823 1082 2889 quare
1103 2806 1259 2883 signorum
1282 2823 1351 2868 uer·

280 2916 360 2979 toret
388 2915 463 2979 ordo
487 2916 594 2981 iccirco
624 2912 719 2993 dixit,
756 2912 825 2993 quia
857 2908 907 2972 iic
934 2908 1002 2986 ipae
1043 2906 1171 2973 circulus
1200 2907 1354 2972 duodecim

281 3014 371 3092 signa
398 3014 542 3079 caelestia
570 3013 677 3081 uoioit.
728 3010 825 3076 Clima
852 3013 1003 3087 nostrum,
1030 3006 1088 3073 iroc
1110 3011 1159 3071 eat
1183 3009 1213 3072 in
1234 3008 1354 3081 climate

281 3132 375 3177 nonae
398 3119 537 3194 nostrae,
573 3115 617 3179 uic
638 3132 674 3175 se
697 3111 806 3191 habet,
835 3114 869 3177 ut
889 3111 979 3176 stmua
999 3108 1038 3172 ad
1060 3111 1293 3189 septentrionem
1313 3110 1354 3173 nia

281 3232 317 3277 ea
338 3217 443 3294 parto,
465 3233 524 3295 qua
545 3211 672 3293 Scythia
692 3215 741 3276 eat
763 3214 794 3274 et
814 3210 945 3291 ananau
966 3211 1098 3288 montes,
1126 3212 1174 3275 cui
1203 3212 1406 3283 contraria&
1445 3221 1478 3271 a!
1520 3306 1524 3311 ,

280 3316 433 3382 inclinatio
456 3315 561 3380 estad
583 3314 726 3377 Africum.
771 3312 855 3391 Ergo
878 3310 937 3375 iaoc
956 3311 1052 3373 aentit
1071 3328 1135 3374 cuna
1156 3312 1218 3379 ait:

364 3416 440 3498 iilic,
463 3420 497 3481 ut
518 3406 688 3497 perhibent,
709 3417 761 3476 aut
780 3413 961 3493 interrupeato
981 3410 1054 3474 uitet
1074 3430 1138 3475 uox

363 3538 486 3601 comper
513 3521 545 3581 et
566 3519 689 3581 obtenta
710 3516 870 3581 densantur
892 3515 979 3578 nocto
1002 3510 1156 3589 tenebrae,

364 3622 417 3683 aut
436 3620 536 3685 reddit
557 3620 644 3685 nobis
665 3618 788 3689 Aurora
809 3616 946 3695 diemque
968 3609 1095 3689 reducit,

365 3738 480 3803 nosque
500 3720 550 3782 ubi
571 3722 682 3802 primus
704 3720 791 3801 equis
820 3718 921 3780 oriens
950 3712 1072 3779 canaan
1092 3710 1246 3790 aniciana,
1358 3728 1404 3794 an

366 3822 427 3889 iilic
448 3841 518 3887 sera
539 3822 650 3887 rubens
671 3820 813 3887 ostendit.
825 3818 932 3883 lumina
952 3831 1073 3895 uesper.

315 4043 390 4095 tet
414 4058 470 4097 om.
496 4043 532 4095 V.
605 4040 632 4094 Ι.
656 4036 756 4093 eadem
783 4038 817 4092 V.
888 4032 971 4096 etlt,
996 4030 1022 4088 ei
1042 4030 1102 4089 Vn.
1170 4027 1196 4077 ι
1216 4023 1352 4091 radlach

281 4132 312 4179 Ρ.
346 4110 649 4194 duntainlqoouiam
660 4128 690 4172 P.
727 4122 753 4172 7.
764 4120 839 4176 caeli
850 4119 972 4187 epatium
985 4118 1016 4170 Ρ.
1051 4108 1353 4172 titextdttmssrss·

281 4208 384 4263 nauata
395 4212 450 4263 Vi’.
486 4211 528 4279 id.
548 4211 628 4279 potin
650 4210 684 4260 V.
727 4204 771 4257 tt.
789 4204 819 4257 iu
836 4203 957 4271 regione
978 4214 1033 4251 om.
1051 4202 1081 4246 Ρ.
1117 4188 1195 4245 caeti
1212 4194 1241 4241 ot
1258 4195 1355 4280 torrae

281 4288 414 4347 editores:
442 4300 472 4347 et
488 4310 544 4346 om.
565 4296 644 4345 VPE.
711 4290 754 4342 ii.
775 4287 849 4339 duae
868 4301 924 4339 om.
944 4283 981 4335 V·
1048 4277 1093 4331 ta.
1113 4273 1357 4330 roccaromana

280 4379 302 4441 i,
321 4394 360 4431 m.
380 4379 600 4431 Autioecumene
620 4376 654 4425 V.
722 4372 767 4427 19.
785 4387 803 4422 a
822 4386 879 4425 om.
897 4373 929 4419 Ρ.
982 4367 1025 4416 ao.
1044 4362 1084 4421 ita
1102 4376 1158 4415 om·
1176 4360 1214 4411 V·
1265 4356 1356 4426 capti·

279 4476 398 4517 cornum
415 4469 446 4517 Ρ.
499 4459 542 4511 21.
560 4455 681 4511 uenerit
698 4464 729 4521 Ρ,
750 4456 873 4515 uertitur
890 4456 927 4505 V.
985 4449 1029 4502 22·
1048 4442 1128 4512 quin]
1149 4442 1226 4512 quod
1236 4447 1267 4497 Ρ.
1311 4438 1354 4494 26.

282 4548 401 4603 inclinat
418 4546 489 4611 (om.
508 4545 566 4609 eat)
584 4548 613 4597 Ρ.
681 4544 725 4597 27.
741 4539 808 4593 litio
828 4554 883 4591 om.
904 4540 934 4588 Ρ.
994 4531 1037 4593 dt.
1056 4545 1145 4599 equor
1163 4529 1220 4583 ΥΡ.
