3534 5450
719 729 908 793 ..7-

277 909 370 959 sonas
393 893 431 954 ule
454 891 619 970 Theocrito
642 895 787 975 sumpsit,
809 897 865 960 scd
890 901 986 962 emen
1007 902 1084 966 ratio
1106 901 1182 970 hmo
1201 907 1346 970 nominum

274 995 340 1056 est:
370 994 469 1058 hircus
491 996 590 1076 libyca
612 980 715 1076 iinpua
736 997 847 1076 tityrus
869 1000 1059 1083 appellatur,
1084 1022 1152 1068 nam
1172 1005 1345 1074 Meliboeus

274 1113 344 1158 coro
370 1097 457 1162 houm
488 1098 631 1178 diligens.
675 1097 884 1177 congruentia
912 1117 991 1180 ergo
1020 1105 1192 1182 pastoribus
1220 1109 1344 1190 marino,

273 1199 305 1258 et
325 1199 406 1260 totns
427 1199 504 1262 llher
523 1217 580 1283 per
596 1199 775 1278 allegoriam
790 1201 987 1282 intellegitur.
1031 1204 1114 1268 Facit
1130 1209 1255 1271 enimse
1271 1227 1344 1274 esse

273 1297 411 1377 Tityrum
446 1305 478 1364 ct
507 1299 688 1364 Meliboeam
717 1299 888 1366 Cornelium
917 1303 1054 1385 Gallum,
1091 1307 1141 1387 qul
1170 1307 1373 1389 annicetus&

271 1399 349 1479 qnod
375 1399 527 1480 Vergilius
548 1402 631 1464 solus
652 1422 747 1480 agros
767 1407 934 1469 retinuerit,
975 1407 1043 1468 Nec
1062 1409 1239 1488 mirandum,
1261 1410 1343 1491 quol

270 1501 469 1580 inira-senem
491 1523 526 1566 se
549 1506 635 1584 dicit,
658 1525 722 1568 curn
742 1509 855 1588 certum
876 1509 919 1570 sit
936 1524 1019 1585 enm,
1052 1513 1086 1570 nt
1105 1508 1258 1573 Asconius
1279 1510 1341 1572 Pe·

270 1603 373 1668 dionns
395 1603 483 1684 dicit,
514 1605 650 1668 XXVlll
673 1624 766 1668 annos
794 1610 893 1669 natum
914 1609 1055 1670 Bucolica
1079 1608 1224 1671 edidisse.
1265 1611 1342 1673 Nem

270 1705 375 1768 carlom
402 1706 522 1770 licentia
549 1725 650 1770 senem
679 1709 774 1787 lixit,
805 1727 869 1770 curo
892 1711 932 1772 sit
953 1711 1084 1790 lunonis,
1111 1728 1170 1792 qna
1189 1711 1341 1790 pastorem

268 1807 356 1886 iacit,
378 1826 442 1870 cnm
465 1809 506 1871 sit
526 1810 674 1890 nrhnnns,
696 1809 909 1890 nut'lityrum
930 1811 1076 1890 nomme,
1106 1830 1171 1874 cnm
1191 1812 1233 1873 sit
1255 1809 1337 1874 Ver·
1349 1811 1392 1876 10

269 1908 373 1986 gilius.

376 2008 470 2070 Omne
497 2027 613 2072 carmon
640 2010 670 2070 in
698 2011 763 2072 tres
791 2009 979 2071 characteres
1008 2008 1167 2090 nllohlitor,
1195 2010 1340 2072 dramati·
1366 2031 1370 2034 ·

268 2127 343 2188 con,
372 2111 402 2172 ln
431 2129 488 2194 quo
517 2127 664 2190 personae
686 2109 885 2172 tantummodo
906 2108 1084 2191 loquuntur,
1105 2110 1339 2188 dlegematicon,
1442 2182 1443 2189 ἵ

268 2211 297 2272 in
317 2229 376 2293 qno
397 2213 482 2276 solus
503 2213 611 2292 poeta,
633 2206 760 2288 μικτὸν,
784 2209 834 2270 uir
855 2211 1024 2288 promiscue
1045 2212 1077 2272 ei
1097 2215 1191 2291 poeto
1212 2214 1340 2288 otper-

268 2331 353 2376 sonn.
396 2313 529 2379 Omnium
555 2313 722 2392 specierum
744 2310 870 2388 eclogas
897 2311 928 2373 in
949 2311 1097 2404 cholicis
1119 2312 1237 2391 posuit:
1266 2309 1391 2372 ulra-15
1463 2382 1472 2392 .

267 2416 365 2478 melici
385 2418 442 2478 crit
462 2416 557 2495 prime
578 2410 706 2493 Tityre,
735 2416 767 2475 tu
787 2407 939 2494 patulae,
959 2413 1150 2492 hiegematici
1171 2413 1229 2474 erit
1248 2411 1341 2476 Sice—
1453 2450 1459 2455 -

267 2515 343 2580 liules
368 2535 487 2596 museo,
514 2515 604 2596 paulo
633 2515 745 2577 maiora
766 2531 925 2592 canemus,-
951 2513 1037 2575 mixti
1056 2515 1155 2576 etima
1174 2513 1340 2592 symonem

268 2618 392 2696 dignate
413 2621 461 2680 est
482 2616 585 2678 ludere
606 2632 708 2678 uersu.
1026 2655 1030 2658 -

351 2736 518 2817 riuteeo.
552 2732 649 2797 [lento
664 2746 742 2815 quae
755 2730 873 2810 solitus,
886 2730 912 2791 si
927 2732 1044 2813 qnando
1058 2732 1191 2793 armenta
1212 2731 1342 2795 nooahat

549 2834 696 2915 Amphion
718 2832 875 2895 Dircaeus.
1345 2820 1391 2885 20

238 2986 243 2993 ,
265 2934 461 3018 Amphionem
483 2942 515 3001 et
535 2938 661 3001 Zethum
675 2934 836 3016 Euripides
858 2934 892 2995 et
911 2930 992 3011 apori
1013 2922 1071 2995 nos
1091 2930 1238 2993 Paeonios
1258 2928 1340 2993 lonis

264 3058 306 3101 ex
335 3038 469 3119 Antiopa
496 3041 608 3120 Nyctei
622 3040 677 3100 =alt
705 3036 803 3099 natos.
855 3031 1011 3096 Cantando
1040 3034 1179 3111 potuisse
1208 3036 1341 3094 armenta

266 3160 374 3203 uocorc
410 3144 558 3205 testantur
586 3139 732 3215 Thebae,
767 3154 842 3218 quas
871 3134 1054 3215 Apollonius
1089 3134 1120 3194 in
1148 3121 1364 3207 Argonautis*

145 3304 147 3315 ,
265 3243 446 3305 cimicibus
475 3246 545 3304 ante
572 3226 663 3300 ‘lictis
693 3255 775 3297 muro
803 3252 874 3298 csse
903 3235 1021 3297 clausos
1049 3234 1118 3312 alt„
1143 3230 1199 3293 scri
1222 3228 1339 3293 netem

264 3344 396 3407 humeris
418 3361 494 3404 saxa
516 3338 639 3403 contulit
660 3336 762 3420 operi,
783 3333 936 3415 Amphion
957 3336 1045 3396 cantu
1067 3331 1221 3411 euocauit,
1243 3329 1389 3411 siqui-25

266 3448 331 3507 dem
352 3461 461 3508 sensus
482 3441 645 3505 anlnnalium
665 3439 783 3501 facilius
806 3455 892 3521 qnam
913 3454 991 3497 saxa
1012 3435 1177 3497 uincuntur.
1219 3429 1338 3494 Phano-

266 3549 330 3612 oles
361 3552 392 3609 et
413 3544 592 3609 Alexander
623 3543 717 3622 lyram
742 3558 762 3600 a
783 3534 934 3601 Mercurio
964 3536 1077 3597 muneri
1102 3533 1200 3597 lotam
1228 3531 1339 3611 dieunt,

266 3653 344 3733 qnod
367 3652 477 3729 primns
490 3648 666 3708 linianaram
681 3641 831 3705 liberauit.
875 3640 1033 3702 Dircaeum
1046 3634 1134 3713 lixit,
1157 3633 1237 3715 qood
1253 3632 1338 3694 The·

265 3754 361 3816 hauns
391 3769 409 3811 a
436 3752 520 3812 ionte
547 3748 649 3810 Dirce.
698 3745 816 3807 Actaeo
839 3736 1014 3821 Aracyntho
1040 3754 1059 3799 a
1086 3737 1187 3798 oronte
1215 3747 1338 3797 amoeno

332 3991 358 4039 1.
376 3992 485 4039 tantum
496 3988 524 4036 Ρ.
566 3985 592 4033 ².
603 3988 648 4034 est
658 3996 714 4033 om.
726 3984 755 4030 P.
790 3974 923 4045 sortasse
939 3988 1006 4025 nam
1020 3968 1337 4037 hircus-appelletur,
1383 3995 1387 4000 ,

266 4070 437 4127 Meliboeus.
464 4068 679 4123 hesneomae'.
705 4066 732 4114 7.
746 4062 819 4115 dixit
828 4068 859 4114 P.
888 4058 1081 4128 ut]tnonenV.
1108 4049 1291 4107 &xxxviii
1300 4051 1337 4102 V.

300 4157 343 4212 21.
362 4154 483 4207 'Pinetum
502 4156 539 4208 V.
565 4158 571 4169 ¹
611 4154 655 4205 ΙΙ.
670 4146 803 4219 fortasse
821 4153 915 4199 natos.
950 4140 1138 4209 Amphionem
1156 4143 1252 4187 autom
1272 4146 1337 4183 can·

267 4241 363 4297 unuln.
423 4240 517 4307 potius
535 4252 567 4290 se
585 4238 622 4291 V.
683 4235 726 4285 25.
744 4231 868 4284 minueris
887 4230 923 4280 V.
986 4226 1029 4278 io.
1048 4217 1208 4275 Phanooleo
1224 4213 1337 4267 Scenae

266 4326 411 4387 damnus,
441 4320 625 4375 Phenndicus
654 4316 834 4379 moeonercs,
866 4310 1027 4378 Ponmyasie
1054 4306 1095 4365 Ε,
1122 4301 1255 4353 Panoenn
1281 4300 1337 4351 Vh.

300 4413 344 4465 28.
366 4408 538 4462 Euianorenr
555 4406 592 4470 V,
609 4406 831 4465 halanorum,
851 4399 993 4465 Cymaeam
1009 4393 1048 4442 E:
1064 4384 1196 4455 fortasse
1213 4384 1338 4456 eierare

268 4492 464 4553 consecrauit:
488 4492 516 4543 el
538 4497 616 4543 orem
634 4484 813 4542 dedicauerit
830 4480 877 4536 vel
895 4480 924 4531 ei
939 4478 970 4528 in
988 4489 1040 4528 arn
1057 4468 1193 4525 libanorlt
1209 4464 1339 4521 Meineke

267 4580 396 4635 Amalech
414 4574 500 4627 Alex.
513 4573 606 4649 pam
624 4568 686 4625 coll.
704 4574 830 4622 Peneon.
849 4568 945 4619 Boeot.
963 4560 991 4627 5,
1008 4558 1039 4608 t:
1058 4561 1126 4608 exto
1142 4551 1172 4608 ei
1188 4553 1218 4607 in
1235 4567 1287 4607 ane
1303 4550 1338 4604 li·

268 4666 383 4719 benerit
398 4656 636 4719 Schneidewinus.
709 4653 780 4707 (linit
796 4651 881 4706 VPE.
951 4642 1105 4699 thebanum
1123 4644 1155 4692 Ρ.
