3534 5450
871 707 1062 770 ..2-

431 877 547 944 Aeneis
567 877 688 941 seruata
710 875 747 938 ah
770 873 935 957 Augusto,
963 875 1098 960 mannis
1120 875 1190 954 lpse
1214 870 1394 938 testamento
1416 868 1498 930 dan-

432 984 500 1062 nat,
529 997 567 1043 no
598 979 669 1062 quid
698 996 814 1057 eorum,
843 996 921 1060 quae
943 995 1002 1040 non
1024 977 1187 1057 edidisset,
1210 976 1348 1048 extaret,
1369 968 1448 1052 quod
1470 970 1501 1032 et

432 1083 556 1148 Seruios
577 1079 676 1145 Varus
695 1077 753 1140 hoe
774 1080 904 1142 testatur
926 1079 1158 1158 epigrammate:

558 1181 697 1245 Jussorat
716 1179 793 1241 haec
813 1179 929 1257 rapidis
952 1178 1067 1239 aboleri
1089 1178 1218 1242 carusius
1238 1174 1362 1238 monis

403 1287 425 1346 5
603 1282 779 1360 Vergilius,
803 1279 969 1358 Phrygium
993 1296 1069 1360 quae
1091 1279 1227 1340 cecinere
1248 1276 1362 1337 docear.

561 1382 664 1444 Tucca
684 1383 769 1444 uetat
791 1379 950 1460 Venusque
972 1378 1074 1457 simol,
1097 1381 1129 1441 tu
1151 1378 1278 1439 narina
1297 1373 1413 1440 Caesar

603 1481 671 1544 Non
694 1481 768 1562 tibi,
793 1481 848 1542 sed
869 1480 978 1543 Latiae
999 1479 1132 1541 consulis
1154 1477 1307 1540 historiae.

539 1583 739 1644 Bucolicorum
763 1583 856 1644 omnis
879 1583 969 1659 origo
990 1580 1104 1661 triplex
1125 1580 1238 1642 fertur:
1257 1578 1380 1657 primaru
1401 1595 1420 1637 a
1438 1574 1501 1644 ha-

434 1681 653 1750 aehaemoniis.
688 1681 764 1743 Nan
787 1697 850 1745 cunr
872 1680 996 1744 Xerxes
1019 1681 1174 1744 Graeciam
1196 1680 1363 1742 adlectarst
1384 1680 1417 1739 ct
1438 1679 1502 1738 ter-

384 1782 533 1851 10rlbills
555 1785 649 1862 esset,
671 1782 784 1845 relictis
806 1782 976 1846 ciuitatibus
998 1799 1099 1844 omues
1121 1783 1150 1843 iu
1173 1782 1294 1843 deserta
1315 1779 1382 1840 loca
1403 1777 1503 1842 Grae-

426 1879 498 1954 olae
520 1883 714 1962 relegerunt:
735 1885 807 1963 post
829 1901 892 1946 curn
915 1885 993 1966 apud
1009 1881 1214 1969 Marathonem
1235 1883 1332 1943 uictus
1354 1882 1500 1942 recessis-

435 1987 500 2068 set,
522 1984 766 2050 Lacedaemoniis
787 1987 919 2048 reuersis
940 1988 971 2048 ln
992 1985 1232 2072 Peloponnesum
1253 1981 1427 2060 religiosior
1448 1981 1504 2043 init

435 2087 505 2152 doira
533 2083 648 2148 Dianae
677 2081 850 2164 Caryatldls
879 2087 1036 2150 colendae.
1085 2087 1160 2148 Naro
1190 2086 1268 2148 lorto
1289 2084 1357 2165 ipso
1379 2084 1428 2147 dle
1449 2098 1502 2147 re-

435 2183 588 2252 uerterunt
616 2189 645 2250 in
673 2189 799 2267 patriam
829 2205 911 2250 suana
940 2189 1089 2267 uictores,
1119 2206 1177 2268 quo
1206 2187 1270 2248 lieri
1296 2204 1385 2248 sacra
1406 2185 1503 2248 eidem

389 2287 513 2355 lbdeae
535 2285 731 2370 conopetebat.
774 2287 837 2349 Sed
860 2290 996 2368 quoniam
1017 2289 1190 2368 praeseutia
1210 2289 1357 2364 uirginum
1372 2288 1503 2364 deesset,
1616 2292 1617 2295 ’

437 2403 514 2472 quae
541 2408 578 2452 ea
606 2390 759 2452 celebrare
789 2391 1023 2467 consueuerant,
1051 2405 1090 2449 uc
1117 2385 1290 2450 sacrlliciunr
1323 2389 1504 2450 intermitte-

437 2490 536 2570 retur,
566 2491 705 2569 pastores
733 2507 772 2550 ex
799 2489 904 2550 uiciuls
932 2490 1018 2568 agris
1048 2491 1279 2568 contraxerunt,
1309 2492 1341 2551 et
1366 2505 1422 2569 per
1451 2504 1504 2551 eos
1617 2536 1618 2539 η

437 2607 524 2654 sacra
546 2589 745 2669 expedierunt
772 2587 916 2652 adhibitis
943 2591 1120 2652 carminibus
1149 2593 1238 2653 etiam
1270 2587 1401 2654 rusticis.
1444 2589 1504 2652 lll-
1617 2579 1619 2615 ³

437 2694 496 2755 turo
518 2693 615 2754 notens
637 2708 786 2755 sacrorum
809 2691 966 2755 bucolicon
986 2693 1186 2773 appellarunt,
1210 2710 1268 2756 non
1290 2694 1426 2775 quoniam
1445 2689 1504 2753 soll
1617 2692 1618 2701 ’

385 2790 527 2859 20bonrn
548 2796 688 2873 pastores
710 2793 751 2853 ihi
774 2792 902 2869 luerint,
930 2791 986 2852 sed
1008 2795 1142 2873 quonlam
1164 2793 1259 2854 boucs
1281 2811 1392 2871 pecora
1412 2808 1505 2872 prac-

436 2882 551 2959 starent
571 2893 785 2971 nragnltudlne.
828 2890 895 2953 lloc
917 2892 993 2952 idem
1015 2909 1131 2954 carmen
1154 2896 1186 2955 et
1207 2894 1376 2955 astrahicou
1397 2894 1505 2955 dictori

437 2992 548 3055 estex
570 2994 682 3073 lorma,
712 3013 769 3075 qua
792 2976 908 3054 aduecti
931 2992 1064 3071 inerant,
1095 2994 1144 3074 qui
1167 2994 1218 3055 illa
1238 2995 1384 3056 cantaturi
1407 2997 1503 3058 erant.

437 3090 515 3157 Sunt
536 3094 631 3156 autern
654 3093 793 3157 astrabae
813 3090 949 3176 uehicula
969 3093 1049 3156 dicta
1070 3092 1157 3177 παρὰ
1172 3092 1209 3156 sd
1224 3092 1270 3177 μὴ
1292 3091 1503 3176 deplorabas:

438 3210 496 3275 qno
519 3195 603 3258 tltulo
627 3198 659 3257 ot
680 3192 805 3257 Plautus
828 3193 954 3256 iabulam
976 3196 1146 3276 inscripsit,
1175 3197 1204 3257 in
1233 3213 1291 3277 qua
1312 3196 1452 3257 mulieres
1474 3196 1505 3255 iu

387 3292 584 3358 ebaiusuodi
612 3293 758 3357 uehiculis
787 3290 908 3359 inducit.
952 3294 1061 3359 Altera
1088 3316 1179 3359 causa
1206 3297 1244 3359 ad
1265 3296 1386 3360 Siculos
1406 3296 1506 3377 perti-

438 3398 500 3456 net.
545 3396 627 3455 Ante
648 3393 774 3459 Gelonis
797 3396 984 3477 tyrannidem
1007 3397 1169 3475 Syracusis
1199 3398 1249 3457 lue
1277 3414 1387 3477 pecora
1409 3399 1505 3458 inter-

439 3495 536 3557 ibant:
565 3492 670 3575 quibus
702 3487 875 3561 re'loueudls
897 3498 996 3558 uotum
1018 3496 1170 3573 iecerunt,
1193 3498 1316 3577 eiusque
1338 3498 1401 3557 uotl
1423 3512 1507 3557 coor-

438 3598 527 3677 potes
556 3596 695 3678 templum
726 3592 841 3661 Dianae
868 3597 1076 3674 instituerunt,
1106 3612 1190 3675 quarn
1212 3592 1344 3673 Lyaeanr
1374 3616 1507 3660 uocaue-

506 3744 535 3792 1.-
540 3736 672 3809 foedasse
685 3742 874 3795 denanaosrli:
893 3740 1062 3812 cauissetii.
1137 3742 1163 3797 2.
1183 3743 1268 3814 quiae]
1285 3747 1361 3815 quod
1374 3750 1410 3800 V.
1478 3752 1509 3800 et

440 3833 495 3875 om.
507 3827 539 3873 Ρ.
600 3825 626 3875 3.
646 3824 761 3877 Samios
774 3826 912 3879 VarosV.
975 3827 1001 3877 b.
1020 3825 1218 3896 phresgnan.
1276 3831 1302 3882 b.
1322 3831 1458 3884 Graecias
1476 3836 1506 3882 Ρ.

472 3907 514 3955 10.
536 3904 674 3958 Graeciae
693 3907 720 3958 in
740 3907 853 3961 deserta
869 3910 937 3963 loca
954 3913 1014 3976 Vb,
1039 3911 1131 3963 omnis
1150 3914 1289 3967 Graeciae
1312 3928 1383 3984 gens
1405 3916 1437 3965 ln
1460 3915 1507 3966 de·

438 3994 517 4040 aestu
526 3987 808 4059 loearsiugeruntld.
861 3994 904 4047 12.
922 3995 1091 4059 inom.VP,
1110 3994 1213 4049 addidi
1231 4014 1271 4050 ex
1284 4003 1318 4051 Ε.
1379 3998 1422 4050 lo.
1441 4013 1507 4051 eon-

436 4078 569 4125 sueuerst
588 4077 616 4124 Ρ.
677 4074 719 4127 18.
740 4076 838 4147 ethna]
860 4084 890 4129 et
900 4087 932 4132 Ρ.
1002 4082 1046 4131 2⁰.
1064 4087 1196 4149 pastores
1213 4081 1297 4133 boum
1312 4088 1342 4133 P.
1401 4081 1510 4135 luerint

437 4153 565 4224 editores,
583 4155 698 4211 inerunt
716 4159 796 4212 VPE.
864 4162 908 4215 ²2.
926 4164 1042 4217 astraba
1054 4166 1138 4226 VPE.
1196 4167 1272 4234 παρὰ
1286 4167 1317 4219 sd
1331 4165 1372 4238 aas}
1390 4172 1508 4239 στρέφε-

438 4244 507 4291 σθαι
526 4242 567 4304 E,
595 4259 682 4311 napea
706 4260 737 4295 so
764 4251 955 4321 crescentias,
985 4249 1004 4301 i.
1025 4266 1063 4300 m.
1086 4266 1174 4322 παραι
1207 4248 1238 4301 sd
1261 4265 1312 4316 μει
1336 4255 1507 4317 cosmedim

438 4321 508 4387 quola
524 4339 579 4375 non
596 4333 763 4393 torquemur
776 4326 829 4380 buc
839 4328 909 4381 illuc
922 4334 958 4396 V,
975 4350 1062 4402 παραι
1078 4351 1118 4401 μη
1132 4336 1304 4404 desecandae
1317 4340 1348 4387 Ρ.
1400 4334 1444 4384 25.
1459 4346 1508 4385 ue·

437 4401 526 4457 hieuli
544 4410 579 4459 V.
647 4408 691 4461 26.
710 4410 842 4481 Gelonis]
864 4413 993 4467 Diomed.
1008 4434 1040 4489 p.
1059 4415 1110 4469 di7
1129 4414 1224 4485 Gaias.
1240 4420 1402 4489 Antequam
1418 4418 1507 4467 Hiero

426 4502 493 4575 'reae
509 4489 667 4558 Syracusae
683 4504 868 4569 expugnaret.
929 4500 1130 4572 interimebant
1144 4504 1181 4553 V.
1242 4503 1287 4553 28.
1305 4500 1432 4571 Lyaeanr
1449 4495 1508 4550 edi·

436 4576 522 4633 tores,
540 4570 580 4641 ef.
599 4576 727 4630 Diomed.
747 4572 765 4630 l.
786 4598 809 4634 c.
830 4586 909 4651 Lyera
934 4585 1209 4653 cognominauerunt
1241 4586 1324 4657 quasi
1340 4582 1508 4636 solatricem

435 4653 588 4709 malorum.
623 4658 776 4727 Lymaeam
796 4666 856 4730 Vb,
874 4664 1000 4734 Lyacanr
1017 4672 1051 4720 E.
