3534 5450
711 729 923 792 ...Μ-.-

283 893 364 960 riss'e
383 897 504 960 Troiam
527 898 678 975 signorum
702 900 914 977 praesentium
934 898 1090 960 nonaiestate
1120 898 1280 977 doceatur,
1309 899 1359 978 qut

285 1002 428 1064 numinum
451 1001 535 1063 iauor
557 1018 575 1062 a
597 1037 639 1046 -
657 1002 663 1080 Ι
682 1002 775 1063 nitate
796 1005 962 1063 reseretur.
978 1001 993 1073 tt

134 1091 194 1155 2¹23
218 1088 277 1150 *a
331 1105 420 1174 ⁸714.
465 1100 775 1183 TemplamGerera's
799 1105 951 1182 desertae,
975 1101 1059 1183 quasi
1077 1119 1095 1160 a
1110 1099 1170 1160 titia
1184 1100 1360 1180 derelictae,

285 1210 520 1287 perpetuumque
550 1205 703 1284 epitheton
734 1207 845 1292 iaciunt
872 1209 999 1288 propter
1021 1206 1136 1282 raptum
1157 1203 1359 1282 Proserpinae

285 1307 336 1370 nei
362 1310 368 1382 Ι
390 1319 527 1389 propter
557 1306 774 1387 sacerdotem,
805 1328 890 1390 quem
919 1311 1030 1388 postea
1058 1307 1131 1385 aput
1152 1305 1266 1367 interos
1287 1305 1391 1370 uidit5

286 1411 420 1472 Aeneas.
464 1409 592 1470 imitatio
621 1427 693 1471 sane
721 1410 808 1472 haina
831 1411 957 1492 epitheti
987 1411 1019 1470 et
1042 1408 1112 1468 inde
1134 1410 1228 1468 tracta
1248 1408 1360 1469 exinh-

285 1514 380 1596 matnr
399 1511 405 1591 Ι
423 1545 465 1558 -·-
488 1528 547 1590 opo
576 1553 585 1571 .
611 1512 764 1574 ndumona.
789 1533 841 1575 ara
862 1517 910 1576 est
933 1512 1024 1574 Isidis
1053 1511 1214 1589 desertae,
1241 1513 1285 1573 sie
1305 1530 1359 1591 up·

284 1612 416 1696 peitatae
445 1619 570 1694 propter
591 1612 762 1676 huiusmodi
781 1635 919 1695 eausam,
950 1617 1019 1696 qnia
1049 1615 1194 1694 quondam
1218 1631 1259 1674 ex
1276 1613 1361 1676 litorio

305 1712 369 1799 l·-
393 1720 425 1777 ut
448 1736 498 1778 aer
514 1757 548 1777 ..
571 1721 602 1778 et
624 1735 680 1795 per
704 1719 919 1798 inprudentiam
942 1735 1042 1795 agnae
1064 1716 1161 1777 hostia
1176 1720 1361 1794 consecrata,

285 1818 364 1898 quod
395 1819 530 1881 uictimae
559 1838 659 1897 genus
680 1821 762 1885 ,adeo
784 1841 802 1882 a
825 1821 906 1882 cultu
929 1821 1003 1880 deae
1024 1820 1089 1879 eius
1112 1819 1237 1881 alienum
1259 1816 1343 1902 est,t
1369 1817 1412 1880 tt)

258 1921 323 1982 hat
341 1920 546 1995 sacerdotes,
578 1924 638 2000 qai
659 1941 744 1984 caera
767 1924 831 1984 eius
854 1922 1026 2000 celebrant,
1055 1923 1166 1998 agnina
1189 1938 1278 1984 earne
1300 1940 1360 2002 pe-

285 2022 364 2082 nitus
387 2025 481 2082 semet
503 2022 707 2102 abstineant!
732 2063 752 2088 ,·

346 2123 421 2186 719.
470 2120 626 2182 flamine
647 2127 734 2184 ariaco.
786 2120 1046 2203 solentqurram
1069 2121 1258 2199 ealnrnniari‚
1290 2121 1361 2201 quid

286 2223 398 2283 dixerit
418 2224 501 2285 uiuo:
525 2225 578 2311 aed
603 2229 650 2286 est
673 2226 874 2304 consuetudo,
904 2229 937 2288 nt
960 2225 1074 2286 dicatur
1096 2243 1172 2304 aqna
1195 2225 1361 2305 uinaqnau
1428 2220 1430 2229 ’

286 2345 341 2388 suo
354 2330 464 2388 tantum
483 2328 546 2388 rino
561 2333 648 2408 meat,
669 2331 675 2404 1
693 2339 904 2407 raecaugetar
916 2329 998 2406 alio,
1017 2325 1135 2409 (uelut)
1156 2334 1276 2406 semper
1297 2346 1362 2389 me·
1372 2323 1414 2401 1'5

287 2447 341 2491 aus
365 2430 392 2490 in
416 2447 451 2490 eo
475 2429 594 2509 paludis
617 2435 704 2514 portu
727 2447 782 2491 nee
806 2427 923 2510 [rurore]
946 2425 1160 2511 torpescens-t

350 2533 424 2594 721.
474 2529 576 2590 Latos
601 2551 735 2592 numeros.
786 2527 868 2590 lare
897 2530 1006 2610 dietrnn
1037 2535 1086 2590 est
1105 2531 1202 2606 laica,
1230 2549 1286 2592 aee
1308 2549 1363 2592 no·

288 2633 379 2694 tanda
408 2633 547 2692 iaetantia
577 2636 624 2692 est
654 2635 681 2694 in
712 2632 859 2709 ueritate,
890 2633 968 2694 sicot
995 2632 1067 2693 iitud
1093 2632 1122 2692 in
1149 2632 1260 2714 primo,
1289 2630 1361 2693 Sum

288 2736 356 2814 pins
378 2734 512 2796 Aeneas.
557 2734 754 2817 Succedoque
775 2734 902 2817 onerist
928 2732 989 2795 hoc
1005 2745 1054 2795 ert
1074 2732 1274 2796 haecomnia
1287 2755 1360 2799 sus-

289 2835 361 2897 tollo
393 2834 500 2897 ualidis
528 2838 635 2899 narreris
661 2870 698 2884 -
723 2839 905 2915 [genitorem
934 2838 1028 2898 Etisio
1058 2856 1095 2897 ua
1119 2872 1157 2881 -
1181 2856 1267 2900 sacra
1290 2846 1413 2911 eon-80

243 2934 372 3000 10taetn
394 2938 499 3017 uetat]
522 2940 641 3001 Dextra
664 2960 698 3001 se
720 2961 831 3020 paruus
852 2940 933 3002 inlus
948 2940 1091 3021 inptieuit,
1112 2935 1117 3016 Ι
1135 2938 1294 3001 dextram
1314 2954 1363 3004 te·

287 3044 379 3119 aurit,
403 3044 433 3101 et
456 3042 562 3102 dietum
585 3044 717 3123 inpticuit
740 3049 863 3127 propter
884 3046 969 3125 pueri
992 3042 1260 3123 trepidationem-t

260 3136 280 3197 h
352 3145 427 3206 717.
471 3142 559 3225 cape
579 3166 675 3207 sacra
698 3166 792 3207 manu.
837 3146 933 3208 Varro
956 3145 1089 3207 seeundo
1101 3143 1289 3205 historiarum
1308 3166 1364 3208 re-

290 3243 350 3306 iert
371 3244 499 3307 Aenean
523 3251 609 3325 capta
638 3246 731 3308 Troia
748 3266 842 3308 arcem
873 3246 1088 3325 complurimis
1111 3259 1278 3322 occupasse
1299 3267 1364 3308 rora-

290 3366 411 3427 gnaqne
433 3345 584 3426 hostiani
603 3351 722 3426 gratia
737 3345 915 3408 obrirrrciasc
937 3348 1068 3410 abeundi
1078 3351 1270 3426 potestatem.
1293 3347 1413 3426 lta-25

290 3468 348 3531 que
380 3490 514 3509 ......
543 3449 637 3511 uellet
665 3452 783 3510 auferre
812 3466 934 3530 crnnque
972 3451 1050 3511 eirca
1081 3468 1200 3509 aarum
1230 3469 1365 3533 opesque

290 3552 365 3612 alias
387 3554 483 3614 ceteri
506 3556 705 3631 onerarentur,
733 3551 859 3614 Aenean
887 3554 1001 3632 patrem
1023 3570 1105 3611 sonno
1129 3550 1204 3610 cotto
1224 3550 1230 3631 t
1249 3552 1365 3614 tuliore

290 3651 549 3736 mirantibusque
571 3654 699 3716 Achiuis
722 3655 797 3717 hane
817 3657 960 3735 pietatem
983 3652 1126 3713 redeundi
1150 3652 1231 3713 ilium
1250 3656 1365 3733 copiam

293 3756 390 3817 datam
414 3776 449 3819 ae
480 3757 554 3819 deos
584 3758 715 3819 Penates
743 3758 856 3834 ligneis
880 3755 993 3835 sigiliis
1016 3755 1063 3815 uei
1086 3743 1214 3836 tapidets
1235 3759 1365 3820 terrenis

292 3877 413 3940 quoqne
432 3857 558 3920 Aenean
577 3857 720 3937 tamaris
743 3859 924 3937 extrahere,
947 3878 1032 3940 quam
1053 3877 1114 3920 rem
1137 3858 1271 3921 Graecos
1295 3866 1414 3938 stu-30

243 3974 251 3989 ²
292 3966 403 4039 pentes
426 3962 522 4022 onmia
543 3978 597 4020 sua
620 3960 772 4020 auferendi
794 3942 975 4037 potestatem
997 3960 1137 4041 dedisse,
1161 3980 1256 4044 eaque
1276 3966 1367 4024 rata·-

135 4040 137 4125 i
294 4082 354 4123 one
372 4066 507 4144 saepiae
530 4061 717 4122 rederratem
745 4066 854 4121 omnia
874 4084 892 4122 e
913 4060 1020 4124 Troia
1039 4060 1210 4124 abstulisse
1231 4073 1266 4122 et
1289 4062 1351 4142 iat

135 4146 137 4229 i
250 4161 433 4227 tenacibus
460 4165 617 4245 posuisse.
664 4158 792 4224 Atticus
822 4165 859 4226 de
882 4169 969 4244 patre
991 4164 1154 4239 consentit,
1177 4162 1215 4221 de
1238 4160 1285 4220 dis
1306 4161 1369 4223 Pe·-

136 4256 137 4265 ’
295 4265 414 4327 natibus
434 4269 547 4344 negat,
569 4266 622 4326 sed
647 4283 686 4326 ex
707 4262 912 4327 Samothracia
934 4268 962 4327 in
985 4266 1098 4326 ltaliam
1116 4264 1269 4342 deuectos,
1292 4281 1360 4325 eon-

330 4448 391 4512 223,
412 4448 437 4500 3.
456 4454 560 4502 Primae
577 4452 680 4503 Ir'tterae
698 4454 811 4503 irr'cerrae
829 4465 905 4517 auat,
923 4454 963 4501 ita
982 4464 1010 4501 ut
1029 4448 1301 4523 0re0ndumu1i8legi
1311 4472 1368 4523 poa·

295 4536 339 4585 rit.
408 4533 434 4586 6.
459 4534 511 4586 sed
536 4555 615 4604 capra
642 4535 738 4587 tineam
760 4540 883 4607 scriptum
906 4548 954 4586 eor.
1033 4536 1060 4584 7·
1079 4535 1151 4586 mori
1173 4536 1239 4603 legit
1257 4539 1370 4590 Maius:

288 4618 411 4687 samanae
428 4625 530 4671 morte.
600 4620 626 4671 8.
647 4622 676 4668 A
706 4619 739 4681 1,
763 4618 823 4671 378.
893 4620 936 4669 12.
964 4620 1058 4671 Varum
1076 4617 1165 4672 oetier
1183 4640 1217 4671 an
1237 4621 1313 4674 aetla
1334 4623 1369 4676 te-

294 4722 382 4774 gerem
401 4707 530 4757 dubitaui.
600 4716 725 4769 opesque
743 4702 814 4754 aliae
832 4723 911 4773 capra
928 4703 1024 4756 lineam
1042 4708 1216 4773 scriptarum.
