3534 5450
692 683 906 748 ..12-

263 829 354 914 rodco
372 843 494 930 ἠγνόει,
523 809 573 911 iim
590 843 684 922 iidoc
701 844 760 927 μὲν
781 845 814 911 ἓν
836 845 912 932 nuni
933 841 1072 912 oda-odes
1095 848 1195 914 minu
1219 846 1337 932 χρῦνον

265 945 396 1028 ἀντέχει,
424 942 442 1010 ὃ
465 944 500 1010 δὲ
520 943 608 1028 ἣλιος
629 944 683 1010 τὸν
705 941 810 1011 πάντα
827 943 945 1031 χρόνον
965 942 1107 1013 πάντων,
1120 945 1337 1033 λαμπρότερος

266 1043 306 1110 dv
335 1043 481 1128 daunino.
530 1047 630 1125 Igitur
658 1048 685 1108 si
711 1049 872 1113 secundum
901 1049 1040 1130 exempla
1067 1049 1146 1132 apud
1171 1048 1339 1128 Vergiliano
1448 1127 1455 1144 Ι
1514 1144 1518 1153 ¹

264 1151 293 1210 et
314 1149 425 1215 caelum
442 1167 497 1227 pro
519 1165 591 1210 aere
613 1149 743 1225 positum
765 1149 983 1230 inteiisgimns,
1006 1151 1159 1229 ignomin
1182 1151 1339 1214 suinter-

263 1247 459 1326 pretalninrur,
489 1247 568 1328 qnod
589 1249 632 1310 ait
654 1247 831 1348 'simisque
854 1253 964 1314 astra·
990 1252 1036 1314 lia
1057 1251 1134 1320 enim
1154 1267 1225 1314 esse
1245 1245 1368 1330 igunad

263 1363 316 1426 ner
338 1347 435 1429 ipsum
457 1348 626 1429 probanda,
648 1349 781 1430 inprimis
802 1332 963 1433 qucui'oz
1033 1388 1041 1428 5

642 1446 727 1510 =vn1
748 1450 900 1512 maximus-
916 1449 1009 1512 Atlas
1039 1477 1044 1486 ·

295 1591 301 1603 .
382 1563 472 1612 axem
493 1545 615 1612 nummo
639 1551 760 1630 torquet
780 1549 881 1612 statiis
903 1548 1074 1613 ardentibus
1095 1549 1207 1629 aptum,

261 1645 385 1711 delude:
623 1689 626 1696 ·
796 1691 800 1700 -
859 1699 865 1708 .
999 1701 1003 1707 .
1074 1679 1078 1686 ·
1125 1700 1127 1703 .
1328 1676 1333 1682 ·

386 1744 440 1808 Me
460 1747 556 1826 patris
577 1745 732 1809 Anchisae
753 1749 892 1830 quotiens
912 1747 1101 1812 humentibus
1122 1745 1234 1812 umbris
1256 1770 1261 1779 ·
1303 1825 1309 1832 .
1345 1743 1388 1808 it)

385 1865 448 1908 nox
468 1847 568 1926 operit
589 1850 705 1928 terras,
728 1851 868 1931 quotiens
888 1852 971 1910 astra
992 1850 1084 1926 ignea
1105 1850 1244 1928 surgunt,

261 1941 331 2008 om
354 1945 430 2006 Num
453 1964 549 2028 neque
577 1950 663 2009 erant
691 1952 837 2019 astrorum
863 1949 973 2026 ignes,
1001 1950 1071 2010 item
1091 1946 1264 2028 Cnosiaque
1285 1964 1333 2009 ar·

262 2043 362 2104 dentis
390 2045 518 2108 decedat
547 2045 639 2108 steila
668 2064 806 2109 coronae.
855 2047 931 2108 ltenn
954 2044 1062 2108 Cicero
1090 2048 1120 2106 in
1142 2047 1273 2106 seeundo
1295 2047 1334 2108 de

260 2142 380 2205 deornm
401 2145 507 2206 natura
526 2147 589 2211 sic:
618 2145 895 2231 Quem-complexa
915 2164 1027 2209 summa
1047 2163 1120 2224 pars
1141 2145 1234 2223 caeli,
1255 2159 1336 2226 quae

260 2241 393 2307 aetheria
413 2246 534 2326 dicitur,
558 2251 590 2309 et
608 2267 747 2318 summum
768 2249 880 2310 retinet
901 2244 1043 2311 ardorem
1060 2249 1178 2308 tenuero
1199 2247 1231 2307 et
1251 2240 1384 2308 nulia15

214 2365 216 2372 ·
259 2343 438 2408 admixtione
459 2350 644 2428 concretum,¹
671 2351 703 2412 et
724 2367 788 2410 cunr
810 2348 891 2410 aeris
918 2346 1110 2417 extremitate
1131 2346 1332 2424 coniungitur.

258 2443 293 2506 ln
314 2444 437 2508 aethere
458 2451 557 2524 autem
581 2453 664 2512 astra
685 2450 859 2526 uoluuntur,
887 2463 963 2528 quae
985 2463 1021 2507 se
1043 2448 1075 2507 et
1094 2447 1161 2506 nisu
1182 2464 1239 2506 suo
1262 2464 1332 2508 oon·

257 2544 385 2621 globata
406 2548 559 2609 continent
585 2551 617 2610 et
630 2550 732 2610 'iorma
753 2551 822 2628 ipsa
841 2546 1017 2626 figuraquac
1036 2563 1092 2608 sua
1112 2547 1260 2606 monrenta
1280 2564 1332 2604 su-

258 2647 401 2708 stentant.
446 2644 523 2708 Sunt
545 2648 620 2708 enim
643 2648 781 2728 rotunda,
805 2648 912 2729 quibus
934 2645 1047 2724 formis,
1070 2646 1103 2705 ut
1123 2648 1193 2706 ante
1215 2642 1331 2707 dixisse

256 2746 378 2825 uideor,
414 2748 529 2809 minime
556 2751 657 2811 noceri
689 2752 802 2829 potest.
856 2748 935 2811 Sunt
962 2748 1061 2809 autem
1087 2733 1198 2808 stoiiae'
1224 2739 1382 2808 namraeu

256 2848 422 2925 flammeae,
447 2850 587 2929 quocirca
608 2854 718 2929 terrac,
741 2851 830 2912 maris
852 2864 1053 2931 aquarumque
1073 2845 1254 2929 reliquarum
1279 2865 1332 2909 us·
1371 2848 1374 2855 “

254 2948 378 3029 poribus
399 2948 515 3011 aluntur
535 2951 583 3031 iis,
604 2953 653 3034 qui
674 2972 694 3016 a
714 2951 780 3013 scic
801 2968 839 3012 ox
863 2952 949 3028 agris
970 2948 1131 3040 tepefactis
1144 2952 1175 3009 et
1191 2965 1233 3011 ex
1248 2948 1333 3029 aquis

256 3050 441 3127 excitantur,
465 3051 571 3130 quibus
593 3052 729 3130 peraltae
750 3047 974 3132 renouataeqnc
996 3048 1106 3111 stellae
1127 3044 1217 3130 atque
1238 3048 1332 3111 omnis

254 3150 362 3211 aether
391 3148 543 3211 eiinndunt
571 3150 675 3210 eadem
705 3154 736 3215 et
762 3170 877 3213 rursum
905 3148 1024 3212 incinunt
1052 3148 1170 3229 itidem,
1200 3146 1271 3212 niirii
1299 3151 1332 3211 nt

252 3248 320 3311 iere
350 3251 480 3312 intereat
507 3252 540 3312 ut
568 3250 721 3313 admodum
749 3250 886 3331 paulurn,
919 3251 998 3333 quod
1018 3253 1164 3313 astrorum
1185 3250 1276 3327 ignes
1297 3246 1382 3314 etei
1466 3288 1474 3303 »

253 3350 389 3413 aetheris
418 3350 531 3413 damma
557 3354 756 3415 consumant·
783 3352 832 3415 Ex
854 3368 913 3432 qno
935 3354 1090 3413 uenturum
1110 3352 1218 3433 putant
1236 3350 1330 3412 nostri

252 3452 285 3513 id
315 3451 353 3514 de
376 3468 434 3531 quo
455 3450 627 3513 Panaetium
650 3454 825 3516 addubitare
835 3450 1005 3530 dicebant,
1034 3454 1068 3513 nt
1088 3451 1126 3511 ad
1140 3454 1331 3528 ¹postremum

253 3554 349 3617 cursis
371 3552 495 3615 mundus
516 3554 702 3633 ignosceret,
725 3572 788 3615 cnm
801 3552 924 3615 humore
941 3552 1114 3630 consumpto
1135 3566 1233 3629 neque
1249 3553 1331 3612 terra

252 3652 293 3715 aii
315 3656 423 3733 posset
443 3672 500 3717 nec
520 3658 689 3719 remaneret
710 3672 773 3734 aer,
794 3654 976 3716 onius-ortus
990 3669 1069 3731 aqna
1084 3650 1159 3711 omni
1182 3648 1331 3712 exhausta

252 3770 326 3817 esse
348 3771 405 3816 non
426 3758 545 3833 posset.
586 3753 692 3837 ltaque
719 3755 845 3836 relinqui
874 3751 946 3815 niinii
974 3755 1094 3833 praeter
1122 3751 1239 3832 ignem,
1268 3756 1383 3854 quom)

320 3936 348 3991 d.
367 3936 522 3991 seeundum
540 3936 682 4006 exempla]
704 3937 794 3991 sciens
814 3937 957 3991 ardictio
977 3943 1006 3988 Ρ.
1079 3938 1123 3988 1⁰.
1143 3935 1276 4004 quotiens
1293 3962 1328 3975 -

251 4026 347 4073 terras
365 4033 421 4073 om.
438 4026 474 4074 V.
553 4021 598 4075 dt.
616 4020 671 4089 sic]
692 4022 718 4073 si
735 4026 764 4075 P.
842 4020 885 4073 16.
904 4022 1056 4075 eternitate
1074 4023 1111 4074 V.
1181 4018 1224 4069 1⁷.
1243 4034 1275 4070 se
1292 4021 1327 4082 Ε,

252 4103 298 4156 sic
318 4105 373 4154 VP-
444 4103 484 4172 et]
506 4120 543 4161 ex
561 4078 596 4158 εἴ
671 4106 764 4157 18.·et
785 4103 879 4157 forms
899 4110 938 4157 E:
963 4113 993 4158 et
1012 4120 1067 4157 om.
1088 4105 1144 4155 Vn.
1211 4102 1257 4150 2⁰.
1276 4115 1326 4151 no·

251 4186 314 4239 ceri
333 4188 371 4249 Ῑι,
397 4187 496 4241 doceri
515 4193 573 4243 VP.
643 4189 686 4240 21.
703 4188 861 4255 quodcirca
879 4195 915 4256 P,
940 4188 1017 4257 quod
1035 4193 1138 4242 contra
1157 4185 1192 4234 V.
1260 4181 1326 4232 reii-

251 4284 430 4337 quarumque
447 4285 583 4338 aquarum
593 4278 622 4324 P.
690 4275 734 4326 22.
755 4272 867 4337 riantur
883 4275 969 4327 VPE.
1038 4270 1081 4321 ²3·
1101 4267 1281 4319 concitantur
1291 4270 1327 4317 V·

289 4356 454 4407 omnesVP.
523 4356 566 4406 ni.
585 4353 703 4409 aethere
721 4352 801 4409 sunt:
820 4355 907 4408 Fiunt
917 4359 951 4421 V,
971 4350 1090 4406 aethere
1102 4350 1216 4401 tiuntP:
1235 4350 1327 4403 ononis

249 4435 355 4491 aether
373 4434 501 4489 effundat
518 4441 552 4490 Ε.
621 4440 666 4491 25.
685 4446 827 4492 astrorum
846 4443 889 4505 E,
912 4444 1076 4507 praetorum
1096 4435 1128 4485 V
1129 4466 1138 4498 ‚
1162 4436 1331 4501 praeterito·

248 4536 315 4575 rum
332 4526 362 4573 Ρ.
431 4520 473 4572 ²6.
492 4520 632 4574 flammam
652 4528 803 4577 consumat
816 4527 872 4576 ΥΡ.
942 4520 1149 4587 28.neqne1i,
1168 4521 1262 4585 atque
1281 4521 1334 4571 Π)

286 4604 331 4657 29.
350 4620 499 4659 remanere
517 4610 548 4656 P.

301 4703 379 4756 listi,
392 4702 469 4749 Schoi-
483 4704 505 4746 in
520 4700 584 4753 Velm
1110 4690 1133 4754 ᾖ
