<?xml version="1.0" encoding="UTF-8"?>
<!DOCTYPE html PUBLIC "-//W3C//DTD XHTML 1.0 Transitional//EN"
    "http://www.w3.org/TR/xhtml1/DTD/xhtml1-transitional.dtd">
<html xmlns="http://www.w3.org/1999/xhtml" xml:lang="en" lang="en">
 <head>
  <title>
</title>
<meta http-equiv="Content-Type" content="text/html;charset=utf-8" />
  <meta name='ocr-system' content='tesseract 3.04.00' />
  <meta name='ocr-capabilities' content='ocr_page ocr_carea ocr_par ocr_line ocrx_word'/>
</head>
<body>
  <div class='ocr_page' id='page_1' title='image "./invergilliibuco00probgoog/invergilliibuco00probgoog_0047.png"; bbox 0 0 3534 5450; ppageno 0'>
   <div class='ocr_carea' id='block_1_1' title="bbox 194 897 1463 3782">
    <p class='ocr_par' dir='ltr' id='par_1_1' title="bbox 271 897 1388 989">
     <span class='ocr_line' id='line_1_1' title="bbox 271 897 1388 989; baseline 0.008 -27"><span class='ocrx_word' id='word_1_1' title='bbox 271 901 460 982; x_wconf 77' lang='lat' dir='ltr'><strong>significans,</strong></span> <span class='ocrx_word' id='word_1_2' title='bbox 483 902 515 962; x_wconf 88' lang='lat' dir='ltr'><strong>ct</strong></span> <span class='ocrx_word' id='word_1_3' title='bbox 536 915 606 962; x_wconf 85' lang='lat' dir='ltr'><strong>osse</strong></span> <span class='ocrx_word' id='word_1_4' title='bbox 628 897 770 980; x_wconf 76' lang='lat' dir='ltr'><strong>aethera,</strong></span> <span class='ocrx_word' id='word_1_5' title='bbox 801 903 849 982; x_wconf 82' lang='lat' dir='ltr'><strong>qul</strong></span> <span class='ocrx_word' id='word_1_6' title='bbox 869 906 975 980; x_wconf 80' lang='lat' dir='ltr'><strong>regat,</strong></span> <span class='ocrx_word' id='word_1_7' title='bbox 1004 904 1132 984; x_wconf 83' lang='lat' dir='ltr'><strong>terram,</strong></span> <span class='ocrx_word' id='word_1_8' title='bbox 1155 923 1232 988; x_wconf 84' lang='lat' dir='ltr'><strong>quae</strong></span> <span class='ocrx_word' id='word_1_9' title='bbox 1254 924 1351 986; x_wconf 72' lang='lat' dir='ltr'><strong>rega·</strong></span> <span class='ocrx_word' id='word_1_10' title='bbox 1383 977 1388 989; x_wconf 34' lang='lat'><strong>¹</strong></span> 
     </span>
    </p>

    <p class='ocr_par' dir='ltr' id='par_1_2' title="bbox 271 1001 1442 1088">
     <span class='ocr_line' id='line_1_2' title="bbox 271 1001 1442 1088; baseline 0.003 -25"><span class='ocrx_word' id='word_1_11' title='bbox 271 1006 338 1085; x_wconf 69' lang='lat' dir='ltr'><strong>tur,¹</strong></span> <span class='ocrx_word' id='word_1_12' title='bbox 360 1005 495 1081; x_wconf 81' lang='lat' dir='ltr'><strong>tempus,</strong></span> <span class='ocrx_word' id='word_1_13' title='bbox 518 1001 547 1061; x_wconf 90' lang='lat' dir='ltr'><strong>in</strong></span> <span class='ocrx_word' id='word_1_14' title='bbox 569 1017 627 1080; x_wconf 84' lang='lat' dir='ltr'><strong>quo</strong></span> <span class='ocrx_word' id='word_1_15' title='bbox 650 1001 789 1064; x_wconf 85' lang='lat' dir='ltr'><strong>uniuersa</strong></span> <span class='ocrx_word' id='word_1_16' title='bbox 808 1019 881 1081; x_wconf 86' lang='lat' dir='ltr'><strong>pars</strong></span> <span class='ocrx_word' id='word_1_17' title='bbox 902 1001 1107 1067; x_wconf 83' lang='lat' dir='ltr'><strong>moderetur.&#39;</strong></span> <span class='ocrx_word' id='word_1_18' title='bbox 1131 1003 1210 1068; x_wconf 79' lang='lat' dir='ltr'><strong>Suet</strong></span> <span class='ocrx_word' id='word_1_19' title='bbox 1232 1009 1282 1088; x_wconf 83' lang='lat' dir='ltr'><strong>qui</strong></span> <span class='ocrx_word' id='word_1_20' title='bbox 1303 1008 1349 1069; x_wconf 89' lang='lat' dir='ltr'><strong>hl·</strong></span> <span class='ocrx_word' id='word_1_21' title='bbox 1435 1009 1442 1013; x_wconf 82' lang='lat'><em>&#39;</em></span> 
     </span>
    </p>

    <p class='ocr_par' dir='ltr' id='par_1_3' title="bbox 268 1100 1348 1184">
     <span class='ocr_line' id='line_1_3' title="bbox 268 1100 1348 1184; baseline 0.006 -22"><span class='ocrx_word' id='word_1_22' title='bbox 268 1103 314 1162; x_wconf 90' lang='lat' dir='ltr'><strong>nis</strong></span> <span class='ocrx_word' id='word_1_23' title='bbox 336 1103 489 1184; x_wconf 68' lang='lat' dir='ltr'><strong>principiis</strong></span> <span class='ocrx_word' id='word_1_24' title='bbox 510 1101 646 1161; x_wconf 90' lang='lat' dir='ltr'><strong>mundum</strong></span> <span class='ocrx_word' id='word_1_25' title='bbox 670 1100 880 1162; x_wconf 84' lang='lat' dir='ltr'><strong>discriminent.</strong></span> <span class='ocrx_word' id='word_1_26' title='bbox 924 1102 999 1164; x_wconf 82' lang='lat' dir='ltr'><strong>Nam</strong></span> <span class='ocrx_word' id='word_1_27' title='bbox 1021 1103 1227 1184; x_wconf 78' lang='lat' dir='ltr'><strong>Xenophanes</strong></span> <span class='ocrx_word' id='word_1_28' title='bbox 1249 1104 1348 1169; x_wconf 82' lang='lat' dir='ltr'><strong>Golo-</strong></span> 
     </span>
    </p>

    <p class='ocr_par' dir='ltr' id='par_1_4' title="bbox 268 1197 1389 1286">
     <span class='ocr_line' id='line_1_4' title="bbox 268 1197 1389 1286; baseline 0.008 -26"><span class='ocrx_word' id='word_1_29' title='bbox 268 1197 395 1280; x_wconf 83' lang='lat' dir='ltr'><strong>plonius</strong></span> <span class='ocrx_word' id='word_1_30' title='bbox 418 1204 524 1263; x_wconf 83' lang='lat' dir='ltr'><strong>terram</strong></span> <span class='ocrx_word' id='word_1_31' title='bbox 547 1204 578 1264; x_wconf 84' lang='lat' dir='ltr'><strong>ei</strong></span> <span class='ocrx_word' id='word_1_32' title='bbox 599 1218 703 1286; x_wconf 84' lang='lat' dir='ltr'><strong>aquam</strong></span> <span class='ocrx_word' id='word_1_33' title='bbox 726 1201 875 1279; x_wconf 83' lang='lat' dir='ltr'><strong>prodidit:</strong></span> <span class='ocrx_word' id='word_1_34' title='bbox 910 1219 1073 1284; x_wconf 84' lang='lat' dir='ltr'><strong>quanquam</strong></span> <span class='ocrx_word' id='word_1_35' title='bbox 1101 1204 1177 1268; x_wconf 80' lang='lat' dir='ltr'><strong>haec</strong></span> <span class='ocrx_word' id='word_1_36' title='bbox 1198 1208 1287 1268; x_wconf 81' lang='lat' dir='ltr'><strong>antea</strong></span> <span class='ocrx_word' id='word_1_37' title='bbox 1307 1206 1347 1268; x_wconf 78' lang='lat' dir='ltr'><strong>alo</strong></span> <span class='ocrx_word' id='word_1_38' title='bbox 1386 1250 1389 1255; x_wconf 92' lang='lat'>-</span> 
     </span>
    </p>

    <p class='ocr_par' dir='ltr' id='par_1_5' title="bbox 267 1295 1377 1390">
     <span class='ocr_line' id='line_1_5' title="bbox 267 1295 1377 1390; baseline 0.005 -31"><span class='ocrx_word' id='word_1_39' title='bbox 267 1299 398 1361; x_wconf 84' lang='lat' dir='ltr'>Homero</span> <span class='ocrx_word' id='word_1_40' title='bbox 421 1303 548 1362; x_wconf 86' lang='lat' dir='ltr'><strong>tractata</strong></span> <span class='ocrx_word' id='word_1_41' title='bbox 570 1300 610 1361; x_wconf 87' lang='lat' dir='ltr'><strong>sil</strong></span> <span class='ocrx_word' id='word_1_42' title='bbox 627 1301 744 1378; x_wconf 87' lang='lat' dir='ltr'><strong>opinio:</strong></span> <span class='ocrx_word' id='word_1_43' title='bbox 760 1297 840 1361; x_wconf 81' lang='lat' dir='ltr'><strong>&#39;All&#39;</strong></span> <span class='ocrx_word' id='word_1_44' title='bbox 865 1295 954 1379; x_wconf 73' lang='grc' dir='ltr'><strong><em>ὑμεῖς</em></strong></span> <span class='ocrx_word' id='word_1_45' title='bbox 973 1300 1031 1379; x_wconf 74' lang='grc' dir='ltr'><strong>μὲν</strong></span> <span class='ocrx_word' id='word_1_46' title='bbox 1053 1296 1167 1374; x_wconf 79' lang='grc' dir='ltr'><em>πάντες</em></span> <span class='ocrx_word' id='word_1_47' title='bbox 1186 1300 1276 1386; x_wconf 80' lang='lat' dir='ltr'><strong>iideop</strong></span> <span class='ocrx_word' id='word_1_48' title='bbox 1290 1304 1342 1369; x_wconf 81' lang='lat' dir='ltr'><strong>ael</strong></span> <span class='ocrx_word' id='word_1_49' title='bbox 1350 1300 1377 1390; x_wconf 87' lang='lat'><strong><em>5</em></strong></span> 
     </span>
    </p>

    <p class='ocr_par' dir='ltr' id='par_1_6' title="bbox 266 1395 1350 1481">
     <span class='ocr_line' id='line_1_6' title="bbox 266 1395 1350 1481; baseline 0.006 -24"><span class='ocrx_word' id='word_1_50' title='bbox 266 1403 341 1478; x_wconf 70' lang='lat' dir='ltr'><strong>poio</strong></span> <span class='ocrx_word' id='word_1_51' title='bbox 361 1395 514 1479; x_wconf 67' lang='grc' dir='ltr'><strong>γένοισθε.</strong></span> <span class='ocrx_word' id='word_1_52' title='bbox 558 1397 718 1462; x_wconf 76' lang='lat' dir='ltr'><strong>consentit</strong></span> <span class='ocrx_word' id='word_1_53' title='bbox 740 1401 912 1461; x_wconf 87' lang='lat' dir='ltr'><strong>innumero</strong></span> <span class='ocrx_word' id='word_1_54' title='bbox 934 1399 1112 1480; x_wconf 71' lang='lat' dir='ltr'><strong>Euripides,</strong></span> <span class='ocrx_word' id='word_1_55' title='bbox 1136 1401 1192 1464; x_wconf 86' lang='lat' dir='ltr'><strong>sed</strong></span> <span class='ocrx_word' id='word_1_56' title='bbox 1213 1403 1350 1481; x_wconf 78' lang='lat' dir='ltr'><strong>speciem</strong></span> 
     </span>
    </p>

    <p class='ocr_par' dir='ltr' id='par_1_7' title="bbox 266 1497 1360 1587">
     <span class='ocr_line' id='line_1_7' title="bbox 266 1497 1360 1587; baseline 0.007 -30"><span class='ocrx_word' id='word_1_57' title='bbox 266 1497 459 1561; x_wconf 85' lang='lat' dir='ltr'><strong>discriminat.</strong></span> <span class='ocrx_word' id='word_1_58' title='bbox 510 1497 638 1561; x_wconf 77' lang='lat' dir='ltr'><strong>Terram</strong></span> <span class='ocrx_word' id='word_1_59' title='bbox 666 1502 742 1562; x_wconf 89' lang='lat' dir='ltr'><strong>enim</strong></span> <span class='ocrx_word' id='word_1_60' title='bbox 763 1502 796 1562; x_wconf 86' lang='lat' dir='ltr'><strong>ei</strong></span> <span class='ocrx_word' id='word_1_61' title='bbox 817 1515 915 1562; x_wconf 89' lang='lat' dir='ltr'><strong>aerem</strong></span> <span class='ocrx_word' id='word_1_62' title='bbox 944 1503 1056 1563; x_wconf 78' lang='lat' dir='ltr'><strong>inducit</strong></span> <span class='ocrx_word' id='word_1_63' title='bbox 1077 1502 1360 1587; x_wconf 72' lang='lat' dir='ltr'><strong>principiorem</strong></span> 
     </span>
    </p>

    <p class='ocr_par' dir='ltr' id='par_1_8' title="bbox 266 1594 1384 1681">
     <span class='ocr_line' id='line_1_8' title="bbox 266 1594 1384 1681; baseline 0.002 -21"><span class='ocrx_word' id='word_1_64' title='bbox 266 1615 336 1661; x_wconf 82' lang='lat' dir='ltr'><strong>esre</strong></span> <span class='ocrx_word' id='word_1_65' title='bbox 365 1601 394 1661; x_wconf 91' lang='lat' dir='ltr'><strong>lu</strong></span> <span class='ocrx_word' id='word_1_66' title='bbox 424 1599 559 1680; x_wconf 81' lang='lat' dir='ltr'><strong>Antiopa</strong></span> <span class='ocrx_word' id='word_1_67' title='bbox 581 1640 754 1660; x_wconf 90' lang='grc'><strong>......</strong></span> <span class='ocrx_word' id='word_1_68' title='bbox 807 1599 850 1662; x_wconf 77' lang='lat' dir='ltr'><strong>hc</strong></span> <span class='ocrx_word' id='word_1_69' title='bbox 866 1601 976 1663; x_wconf 55' lang='lat' dir='ltr'><strong>»Varro</strong></span> <span class='ocrx_word' id='word_1_70' title='bbox 998 1603 1027 1664; x_wconf 92' lang='lat' dir='ltr'><strong>in</strong></span> <span class='ocrx_word' id='word_1_71' title='bbox 1049 1594 1262 1681; x_wconf 77' lang='lat' dir='ltr'><strong>Logistoried,</strong></span> <span class='ocrx_word' id='word_1_72' title='bbox 1292 1603 1343 1681; x_wconf 83' lang='lat' dir='ltr'><strong>qni</strong></span> <span class='ocrx_word' id='word_1_73' title='bbox 1373 1613 1384 1642; x_wconf 45' lang='grc' dir='ltr'><strong>τ’</strong></span> 
     </span>
    </p>

    <p class='ocr_par' dir='ltr' id='par_1_9' title="bbox 265 1692 1343 1780">
     <span class='ocr_line' id='line_1_9' title="bbox 265 1692 1343 1780; baseline 0.003 -22"><span class='ocrx_word' id='word_1_74' title='bbox 265 1695 434 1774; x_wconf 73' lang='lat' dir='ltr'><strong>inscribitur</strong></span> <span class='ocrx_word' id='word_1_75' title='bbox 465 1699 556 1762; x_wconf 78' lang='lat' dir='ltr'><strong>Curio</strong></span> <span class='ocrx_word' id='word_1_76' title='bbox 590 1700 628 1761; x_wconf 88' lang='lat' dir='ltr'><strong>dc</strong></span> <span class='ocrx_word' id='word_1_77' title='bbox 658 1700 779 1761; x_wconf 85' lang='lat' dir='ltr'><strong>deornm</strong></span> <span class='ocrx_word' id='word_1_78' title='bbox 810 1701 907 1780; x_wconf 85' lang='lat' dir='ltr'><strong>cultu,</strong></span> <span class='ocrx_word' id='word_1_79' title='bbox 940 1692 1141 1778; x_wconf 81' lang='lat' dir='ltr'><strong>cognomenta</strong></span> <span class='ocrx_word' id='word_1_80' title='bbox 1169 1719 1343 1779; x_wconf 78' lang='lat' dir='ltr'><strong>magnorum</strong></span> 
     </span>
    </p>

    <p class='ocr_par' dir='ltr' id='par_1_10' title="bbox 266 1787 1396 1883">
     <span class='ocr_line' id='line_1_10' title="bbox 266 1787 1396 1883; baseline 0.004 -25"><span class='ocrx_word' id='word_1_81' title='bbox 266 1787 409 1862; x_wconf 59' lang='lat' dir='ltr'><strong>deorumn</strong></span> <span class='ocrx_word' id='word_1_82' title='bbox 426 1801 507 1862; x_wconf 81' lang='lat' dir='ltr'><strong>&#39;l&#39;res</strong></span> <span class='ocrx_word' id='word_1_83' title='bbox 527 1811 598 1862; x_wconf 80' lang='lat' dir='ltr'><strong>arao</strong></span> <span class='ocrx_word' id='word_1_84' title='bbox 621 1802 741 1862; x_wconf 87' lang='lat' dir='ltr'><strong>suntin</strong></span> <span class='ocrx_word' id='word_1_85' title='bbox 763 1803 843 1864; x_wconf 90' lang='lat' dir='ltr'><strong>circo</strong></span> <span class='ocrx_word' id='word_1_86' title='bbox 867 1801 964 1864; x_wconf 85' lang='lat' dir='ltr'><strong>medio</strong></span> <span class='ocrx_word' id='word_1_87' title='bbox 978 1801 1017 1863; x_wconf 79' lang='lat' dir='ltr'><strong>ud</strong></span> <span class='ocrx_word' id='word_1_88' title='bbox 1033 1801 1196 1881; x_wconf 81' lang='lat' dir='ltr'><strong>columnas,</strong></span> <span class='ocrx_word' id='word_1_89' title='bbox 1217 1803 1247 1862; x_wconf 83' lang='lat' dir='ltr'><strong>ia</strong></span> <span class='ocrx_word' id='word_1_90' title='bbox 1271 1799 1396 1883; x_wconf 57' lang='lat' dir='ltr'><strong>quialo</strong></span> 
     </span>
    </p>

    <p class='ocr_par' dir='ltr' id='par_1_11' title="bbox 265 1899 1342 1982">
     <span class='ocr_line' id='line_1_11' title="bbox 265 1899 1342 1982; baseline 0.005 -24"><span class='ocrx_word' id='word_1_91' title='bbox 265 1899 321 1960; x_wconf 87' lang='lat' dir='ltr'><strong>hus</strong></span> <span class='ocrx_word' id='word_1_92' title='bbox 350 1901 432 1962; x_wconf 83' lang='lat' dir='ltr'><strong>siant</strong></span> <span class='ocrx_word' id='word_1_93' title='bbox 459 1902 567 1978; x_wconf 78' lang='lat' dir='ltr'><strong>signa:</strong></span> <span class='ocrx_word' id='word_1_94' title='bbox 596 1902 625 1963; x_wconf 88' lang='lat' dir='ltr'><strong>in</strong></span> <span class='ocrx_word' id='word_1_95' title='bbox 655 1919 713 1962; x_wconf 88' lang='lat' dir='ltr'><strong>una</strong></span> <span class='ocrx_word' id='word_1_96' title='bbox 730 1903 918 1982; x_wconf 84' lang='lat' dir='ltr'><strong>&#39;inscriptum</strong></span> <span class='ocrx_word' id='word_1_97' title='bbox 940 1921 1004 1962; x_wconf 87' lang='lat' dir='ltr'><strong>oms</strong></span> <span class='ocrx_word' id='word_1_98' title='bbox 1026 1909 1165 1975; x_wconf 76' lang='lat' dir='ltr'><strong>nucleus,</strong></span> <span class='ocrx_word' id='word_1_99' title='bbox 1192 1903 1224 1963; x_wconf 89' lang='lat' dir='ltr'><strong>in</strong></span> <span class='ocrx_word' id='word_1_100' title='bbox 1245 1902 1342 1963; x_wconf 84' lang='lat' dir='ltr'><strong>altera</strong></span> 
     </span>
    </p>

    <p class='ocr_par' dir='ltr' id='par_1_12' title="bbox 264 1981 1347 2072">
     <span class='ocr_line' id='line_1_12' title="bbox 264 1981 1347 2072; baseline 0.006 -17"><span class='ocrx_word' id='word_1_101' title='bbox 264 2013 329 2056; x_wconf 82' lang='lat' dir='ltr'><strong>arus</strong></span> <span class='ocrx_word' id='word_1_102' title='bbox 353 2015 568 2072; x_wconf 81' lang='lat' dir='ltr'><strong>roncuumvs,</strong></span> <span class='ocrx_word' id='word_1_103' title='bbox 589 2001 619 2061; x_wconf 94' lang='lat' dir='ltr'><strong>ln</strong></span> <span class='ocrx_word' id='word_1_104' title='bbox 642 2001 732 2062; x_wconf 85' lang='lat' dir='ltr'><strong>tertia</strong></span> <span class='ocrx_word' id='word_1_105' title='bbox 755 2018 818 2058; x_wconf 83' lang='lat' dir='ltr'><strong>nrm</strong></span> <span class='ocrx_word' id='word_1_106' title='bbox 840 1981 964 2058; x_wconf 59' lang='lat' dir='ltr'><strong>ainana</strong></span> <span class='ocrx_word' id='word_1_107' title='bbox 987 2016 1027 2058; x_wconf 80' lang='lat' dir='ltr'><strong>nn</strong></span> <span class='ocrx_word' id='word_1_108' title='bbox 1048 2019 1159 2059; x_wconf 73' lang='lat' dir='ltr'><strong>cunno.</strong></span> <span class='ocrx_word' id='word_1_109' title='bbox 1209 2002 1243 2062; x_wconf 91' lang='lat' dir='ltr'><strong>ln</strong></span> <span class='ocrx_word' id='word_1_110' title='bbox 1265 2001 1347 2066; x_wconf 81' lang='lat' dir='ltr'><strong>hacc·</strong></span> 
     </span>
    </p>

    <p class='ocr_par' dir='ltr' id='par_1_13' title="bbox 263 2090 1436 2176">
     <span class='ocr_line' id='line_1_13' title="bbox 263 2090 1436 2176; baseline 0.001 -17"><span class='ocrx_word' id='word_1_111' title='bbox 263 2098 321 2159; x_wconf 92' lang='lat' dir='ltr'><strong>duo</strong></span> <span class='ocrx_word' id='word_1_112' title='bbox 339 2099 452 2160; x_wconf 90' lang='lat' dir='ltr'><strong>diuisus</strong></span> <span class='ocrx_word' id='word_1_113' title='bbox 475 2099 609 2159; x_wconf 89' lang='lat' dir='ltr'><strong>mundus.</strong></span> <span class='ocrx_word' id='word_1_114' title='bbox 652 2100 727 2161; x_wconf 86' lang='lat' dir='ltr'><strong>item</strong></span> <span class='ocrx_word' id='word_1_115' title='bbox 750 2098 808 2160; x_wconf 92' lang='lat' dir='ltr'><strong>duo</strong></span> <span class='ocrx_word' id='word_1_116' title='bbox 830 2099 977 2176; x_wconf 67' lang='lat' dir='ltr'><strong>latiales,</strong></span> <span class='ocrx_word' id='word_1_117' title='bbox 1004 2099 1083 2160; x_wconf 88' lang='lat' dir='ltr'><strong>unda</strong></span> <span class='ocrx_word' id='word_1_118' title='bbox 1103 2100 1199 2160; x_wconf 88' lang='lat' dir='ltr'><strong>omnia</strong></span> <span class='ocrx_word' id='word_1_119' title='bbox 1220 2101 1254 2160; x_wconf 86' lang='lat' dir='ltr'><strong>ct</strong></span> <span class='ocrx_word' id='word_1_120' title='bbox 1273 2117 1341 2160; x_wconf 75' lang='lat' dir='ltr'><strong>our·-</strong></span> <span class='ocrx_word' id='word_1_121' title='bbox 1433 2090 1436 2096; x_wconf 72' lang='grc'><strong>’</strong></span> 
     </span>
    </p>

    <p class='ocr_par' dir='ltr' id='par_1_14' title="bbox 261 2197 1420 2279">
     <span class='ocr_line' id='line_1_14' title="bbox 261 2197 1420 2279; baseline 0 -19"><span class='ocrx_word' id='word_1_122' title='bbox 261 2215 316 2260; x_wconf 83' lang='lat' dir='ltr'><strong>noa</strong></span> <span class='ocrx_word' id='word_1_123' title='bbox 338 2201 397 2261; x_wconf 90' lang='lat' dir='ltr'><strong>orti</strong></span> <span class='ocrx_word' id='word_1_124' title='bbox 419 2202 451 2263; x_wconf 89' lang='lat' dir='ltr'><strong>et</strong></span> <span class='ocrx_word' id='word_1_125' title='bbox 473 2198 502 2260; x_wconf 90' lang='lat' dir='ltr'><strong>hi</strong></span> <span class='ocrx_word' id='word_1_126' title='bbox 525 2199 566 2258; x_wconf 92' lang='lat' dir='ltr'><strong>dii</strong></span> <span class='ocrx_word' id='word_1_127' title='bbox 586 2199 687 2276; x_wconf 83' lang='lat' dir='ltr'><strong>magni</strong></span> <span class='ocrx_word' id='word_1_128' title='bbox 709 2197 854 2278; x_wconf 79' lang='lat' dir='ltr'><strong>appellati</strong></span> <span class='ocrx_word' id='word_1_129' title='bbox 875 2201 907 2260; x_wconf 91' lang='lat' dir='ltr'><strong>ln</strong></span> <span class='ocrx_word' id='word_1_130' title='bbox 928 2198 1135 2262; x_wconf 85' lang='lat' dir='ltr'><strong>Sarnothrace.</strong></span> <span class='ocrx_word' id='word_1_131' title='bbox 1179 2197 1340 2279; x_wconf 83' lang='lat' dir='ltr'><strong>Suntqui</strong></span> <span class='ocrx_word' id='word_1_132' title='bbox 1416 2263 1420 2275; x_wconf 61' lang='grc'>,</span> 
     </span>
    </p>

    <p class='ocr_par' dir='ltr' id='par_1_15' title="bbox 261 2295 1391 2379">
     <span class='ocr_line' id='line_1_15' title="bbox 261 2295 1391 2379; baseline -0.001 -21"><span class='ocrx_word' id='word_1_133' title='bbox 261 2299 392 2378; x_wconf 78' lang='lat' dir='ltr'><strong>singulis</strong></span> <span class='ocrx_word' id='word_1_134' title='bbox 413 2300 569 2361; x_wconf 87' lang='lat' dir='ltr'><strong>elementis</strong></span> <span class='ocrx_word' id='word_1_135' title='bbox 591 2299 736 2378; x_wconf 87' lang='lat' dir='ltr'><strong>principia</strong></span> <span class='ocrx_word' id='word_1_136' title='bbox 758 2298 1007 2379; x_wconf 84' lang='lat' dir='ltr'><strong>adsignauernut‚</strong></span> <span class='ocrx_word' id='word_1_137' title='bbox 1028 2297 1223 2362; x_wconf 76' lang='lat' dir='ltr'><strong>Parmenides</strong></span> <span class='ocrx_word' id='word_1_138' title='bbox 1244 2295 1391 2363; x_wconf 75' lang='lat' dir='ltr'><strong>urea-15</strong></span> 
     </span>
    </p>

    <p class='ocr_par' dir='ltr' id='par_1_16' title="bbox 194 2384 1337 2480">
     <span class='ocr_line' id='line_1_16' title="bbox 194 2384 1337 2480; baseline 0 -18"><span class='ocrx_word' id='word_1_139' title='bbox 194 2473 196 2478; x_wconf 23' lang='lat'><strong>¹</strong></span> <span class='ocrx_word' id='word_1_140' title='bbox 261 2402 310 2462; x_wconf 87' lang='lat' dir='ltr'><strong>tes</strong></span> <span class='ocrx_word' id='word_1_141' title='bbox 332 2404 457 2479; x_wconf 83' lang='lat' dir='ltr'><strong>terram,</strong></span> <span class='ocrx_word' id='word_1_142' title='bbox 487 2401 643 2478; x_wconf 77' lang='lat' dir='ltr'><strong>Hippasus</strong></span> <span class='ocrx_word' id='word_1_143' title='bbox 665 2398 892 2480; x_wconf 86' lang='lat' dir='ltr'><strong>Metapontinus</strong></span> <span class='ocrx_word' id='word_1_144' title='bbox 920 2403 953 2463; x_wconf 88' lang='lat' dir='ltr'><strong>ei</strong></span> <span class='ocrx_word' id='word_1_145' title='bbox 981 2399 1157 2472; x_wconf 86' lang='lat' dir='ltr'><strong>lleraolitus</strong></span> <span class='ocrx_word' id='word_1_146' title='bbox 1174 2384 1337 2480; x_wconf 53' lang='lat' dir='ltr'><strong>Ephesium</strong></span> 
     </span>
    </p>

    <p class='ocr_par' dir='ltr' id='par_1_17' title="bbox 262 2495 1338 2580">
     <span class='ocr_line' id='line_1_17' title="bbox 262 2495 1338 2580; baseline 0.006 -20"><span class='ocrx_word' id='word_1_147' title='bbox 262 2501 311 2580; x_wconf 92' lang='lat' dir='ltr'><strong>qui</strong></span> <span class='ocrx_word' id='word_1_148' title='bbox 332 2495 489 2571; x_wconf 73' lang='grc' dir='ltr'><strong><em>σκοτεινάς</em></strong></span> <span class='ocrx_word' id='word_1_149' title='bbox 510 2499 697 2577; x_wconf 85' lang='lat' dir='ltr'><strong>appellatur,</strong></span> <span class='ocrx_word' id='word_1_150' title='bbox 726 2501 844 2580; x_wconf 77' lang='lat' dir='ltr'><strong>ignaru,</strong></span> <span class='ocrx_word' id='word_1_151' title='bbox 877 2499 1081 2562; x_wconf 71' lang='lat' dir='ltr'><strong>Anaximenes</strong></span> <span class='ocrx_word' id='word_1_152' title='bbox 1102 2500 1338 2580; x_wconf 78' lang='lat' dir='ltr'><strong>Lampsacenus,</strong></span> 
     </span>
    </p>

    <p class='ocr_par' dir='ltr' id='par_1_18' title="bbox 260 2597 1338 2680">
     <span class='ocr_line' id='line_1_18' title="bbox 260 2597 1338 2680; baseline 0.002 -20"><span class='ocrx_word' id='word_1_153' title='bbox 260 2601 311 2680; x_wconf 87' lang='lat' dir='ltr'><strong>qui</strong></span> <span class='ocrx_word' id='word_1_154' title='bbox 339 2601 451 2679; x_wconf 85' lang='lat' dir='ltr'><strong>primns</strong></span> <span class='ocrx_word' id='word_1_155' title='bbox 479 2598 667 2660; x_wconf 85' lang='lat' dir='ltr'><strong>existimatur</strong></span> <span class='ocrx_word' id='word_1_156' title='bbox 698 2597 825 2678; x_wconf 83' lang='lat' dir='ltr'><strong>physica</strong></span> <span class='ocrx_word' id='word_1_157' title='bbox 861 2599 1034 2678; x_wconf 85' lang='lat' dir='ltr'><strong>induxisse,</strong></span> <span class='ocrx_word' id='word_1_158' title='bbox 1071 2617 1189 2678; x_wconf 88' lang='lat' dir='ltr'><strong>acrem,</strong></span> <span class='ocrx_word' id='word_1_159' title='bbox 1220 2599 1338 2662; x_wconf 83' lang='lat' dir='ltr'><strong>Thales</strong></span> 
     </span>
    </p>

    <p class='ocr_par' dir='ltr' id='par_1_19' title="bbox 259 2699 1430 2784">
     <span class='ocr_line' id='line_1_19' title="bbox 259 2699 1337 2784; baseline -0.003 -22"><span class='ocrx_word' id='word_1_160' title='bbox 259 2699 417 2778; x_wconf 84' lang='lat' dir='ltr'><strong>lllllesius,</strong></span> <span class='ocrx_word' id='word_1_161' title='bbox 439 2700 585 2779; x_wconf 86' lang='lat' dir='ltr'><strong>magister</strong></span> <span class='ocrx_word' id='word_1_162' title='bbox 607 2702 683 2780; x_wconf 85' lang='lat' dir='ltr'><strong>eius,</strong></span> <span class='ocrx_word' id='word_1_163' title='bbox 703 2716 818 2780; x_wconf 84' lang='lat' dir='ltr'><strong>aquam.</strong></span> <span class='ocrx_word' id='word_1_164' title='bbox 862 2699 948 2762; x_wconf 88' lang='lat' dir='ltr'><strong>llano</strong></span> <span class='ocrx_word' id='word_1_165' title='bbox 967 2699 1083 2781; x_wconf 85' lang='lat' dir='ltr'><strong>quidem</strong></span> <span class='ocrx_word' id='word_1_166' title='bbox 1105 2699 1246 2762; x_wconf 77' lang='lat' dir='ltr'><strong>Thaletis</strong></span> <span class='ocrx_word' id='word_1_167' title='bbox 1260 2701 1337 2784; x_wconf 84' lang='lat' dir='ltr'><strong>opi·</strong></span> 
     </span>
    </p>

    <p class='ocr_par' dir='ltr' id='par_1_20' title="bbox 258 2784 1445 2885">
     <span class='ocr_line' id='line_1_20' title="bbox 258 2784 1445 2885; baseline -0.005 -22"><span class='ocrx_word' id='word_1_168' title='bbox 258 2802 376 2863; x_wconf 88' lang='lat' dir='ltr'><strong>ulonem</strong></span> <span class='ocrx_word' id='word_1_169' title='bbox 404 2800 442 2860; x_wconf 87' lang='lat' dir='ltr'><strong>ah</strong></span> <span class='ocrx_word' id='word_1_170' title='bbox 469 2802 605 2864; x_wconf 84' lang='lat' dir='ltr'><strong>Hesiodo</strong></span> <span class='ocrx_word' id='word_1_171' title='bbox 639 2803 745 2881; x_wconf 84' lang='lat' dir='ltr'><strong>putant</strong></span> <span class='ocrx_word' id='word_1_172' title='bbox 775 2818 913 2879; x_wconf 86' lang='lat' dir='ltr'><strong>manare,</strong></span> <span class='ocrx_word' id='word_1_173' title='bbox 949 2801 999 2881; x_wconf 87' lang='lat' dir='ltr'><strong>qui</strong></span> <span class='ocrx_word' id='word_1_174' title='bbox 1034 2800 1147 2862; x_wconf 80' lang='lat' dir='ltr'><strong>dixerit</strong></span> <span class='ocrx_word' id='word_1_175' title='bbox 1178 2796 1249 2879; x_wconf 75' lang='grc' dir='ltr'><strong><em>ἤτοι</em></strong></span> <span class='ocrx_word' id='word_1_176' title='bbox 1265 2798 1389 2885; x_wconf 24' lang='lat' dir='ltr'><strong>*piniti</strong></span> <span class='ocrx_word' id='word_1_177' title='bbox 1421 2784 1445 2857; x_wconf 70' lang='lat' dir='ltr'><strong>n</strong></span> 
     </span>
    </p>

    <p class='ocr_par' dir='ltr' id='par_1_21' title="bbox 259 2896 1452 2983">
     <span class='ocr_line' id='line_1_21' title="bbox 259 2896 1452 2983; baseline 0 -23"><span class='ocrx_word' id='word_1_178' title='bbox 259 2898 420 2982; x_wconf 76' lang='grc' dir='ltr'><strong><em>πρώτιστα</em></strong></span> <span class='ocrx_word' id='word_1_179' title='bbox 439 2898 517 2977; x_wconf 81' lang='grc' dir='ltr'><strong><em>χάος</em></strong></span> <span class='ocrx_word' id='word_1_180' title='bbox 538 2896 629 2983; x_wconf 68' lang='grc' dir='ltr'><strong>γένει’</strong></span> <span class='ocrx_word' id='word_1_181' title='bbox 655 2898 757 2982; x_wconf 76' lang='grc' dir='ltr'><strong>αὐτὰρ</strong></span> <span class='ocrx_word' id='word_1_182' title='bbox 780 2897 894 2967; x_wconf 65' lang='grc' dir='ltr'><strong>ἔπειτα.</strong></span> <span class='ocrx_word' id='word_1_183' title='bbox 936 2900 1012 2962; x_wconf 84' lang='lat' dir='ltr'><strong>Nam</strong></span> <span class='ocrx_word' id='word_1_184' title='bbox 1025 2901 1129 2963; x_wconf 75' lang='lat' dir='ltr'><strong>Zenon</strong></span> <span class='ocrx_word' id='word_1_185' title='bbox 1151 2898 1268 2974; x_wconf 80' lang='lat' dir='ltr'><strong>Citieus</strong></span> <span class='ocrx_word' id='word_1_186' title='bbox 1290 2902 1336 2971; x_wconf 82' lang='lat' dir='ltr'><strong>sla</strong></span> <span class='ocrx_word' id='word_1_187' title='bbox 1448 2896 1452 2902; x_wconf 80' lang='grc'>’</span> 
     </span>
    </p>

    <p class='ocr_par' dir='ltr' id='par_1_22' title="bbox 258 2996 1335 3083">
     <span class='ocr_line' id='line_1_22' title="bbox 258 2996 1335 3083; baseline -0.001 -20"><span class='ocrx_word' id='word_1_188' title='bbox 258 3002 486 3081; x_wconf 87' lang='lat' dir='ltr'><strong>interpretatur,</strong></span> <span class='ocrx_word' id='word_1_189' title='bbox 509 3020 613 3082; x_wconf 82' lang='lat' dir='ltr'><strong>aquarn</strong></span> <span class='ocrx_word' id='word_1_190' title='bbox 633 2996 712 3078; x_wconf 84' lang='grc' dir='ltr'><strong><em>χάος</em></strong></span> <span class='ocrx_word' id='word_1_191' title='bbox 733 3002 914 3083; x_wconf 85' lang='lat' dir='ltr'><strong>appellatam</strong></span> <span class='ocrx_word' id='word_1_192' title='bbox 929 2996 991 3063; x_wconf 74' lang='lat' dir='ltr'><strong>lind</strong></span> <span class='ocrx_word' id='word_1_193' title='bbox 1006 3002 1062 3063; x_wconf 75' lang='grc' dir='ltr'><strong>τοῦ</strong></span> <span class='ocrx_word' id='word_1_194' title='bbox 1071 2997 1214 3080; x_wconf 71' lang='grc' dir='ltr'><strong>χέεσθαι,</strong></span> <span class='ocrx_word' id='word_1_195' title='bbox 1237 3018 1335 3081; x_wconf 79' lang='lat' dir='ltr'><strong>quan-</strong></span> 
     </span>
    </p>

    <p class='ocr_par' dir='ltr' id='par_1_23' title="bbox 256 3100 1334 3183">
     <span class='ocr_line' id='line_1_23' title="bbox 256 3100 1334 3183; baseline 0.001 -22"><span class='ocrx_word' id='word_1_196' title='bbox 256 3120 343 3183; x_wconf 83' lang='lat' dir='ltr'><strong>quam</strong></span> <span class='ocrx_word' id='word_1_197' title='bbox 373 3101 495 3162; x_wconf 85' lang='lat' dir='ltr'><strong>eandem</strong></span> <span class='ocrx_word' id='word_1_198' title='bbox 524 3102 691 3181; x_wconf 89' lang='lat' dir='ltr'><strong>opinionem</strong></span> <span class='ocrx_word' id='word_1_199' title='bbox 719 3101 758 3161; x_wconf 88' lang='lat' dir='ltr'><strong>ah</strong></span> <span class='ocrx_word' id='word_1_200' title='bbox 787 3102 918 3163; x_wconf 88' lang='lat' dir='ltr'><strong>llomero</strong></span> <span class='ocrx_word' id='word_1_201' title='bbox 950 3120 1110 3182; x_wconf 84' lang='lat' dir='ltr'><strong>possumus</strong></span> <span class='ocrx_word' id='word_1_202' title='bbox 1136 3100 1334 3180; x_wconf 83' lang='lat' dir='ltr'><strong>intellegere,</strong></span> 
     </span>
    </p>

    <p class='ocr_par' dir='ltr' id='par_1_24' title="bbox 257 3196 1428 3283">
     <span class='ocr_line' id='line_1_24' title="bbox 257 3196 1428 3283; baseline 0.004 -22"><span class='ocrx_word' id='word_1_203' title='bbox 257 3202 336 3283; x_wconf 85' lang='lat' dir='ltr'><strong>quod</strong></span> <span class='ocrx_word' id='word_1_204' title='bbox 358 3202 401 3263; x_wconf 87' lang='lat' dir='ltr'><strong>all</strong></span> <span class='ocrx_word' id='word_1_205' title='bbox 417 3196 567 3263; x_wconf 76' lang='grc' dir='ltr'><strong><em>Ὠκίανὸν</em></strong></span> <span class='ocrx_word' id='word_1_206' title='bbox 586 3222 619 3261; x_wconf 79' lang='grc' dir='ltr'><strong>τε</strong></span> <span class='ocrx_word' id='word_1_207' title='bbox 640 3202 727 3261; x_wconf 69' lang='grc' dir='ltr'><strong>θεῶν</strong></span> <span class='ocrx_word' id='word_1_208' title='bbox 748 3197 866 3280; x_wconf 69' lang='grc' dir='ltr'><strong>γένεσιν</strong></span> <span class='ocrx_word' id='word_1_209' title='bbox 887 3199 1081 3283; x_wconf 68' lang='grc' dir='ltr'><strong><em>καὶμητέρα</em></strong></span> <span class='ocrx_word' id='word_1_210' title='bbox 1105 3198 1232 3282; x_wconf 75' lang='grc' dir='ltr'><strong><em>Τηθύν,</em></strong></span> <span class='ocrx_word' id='word_1_211' title='bbox 1255 3202 1334 3283; x_wconf 87' lang='lat' dir='ltr'><strong>quod</strong></span> <span class='ocrx_word' id='word_1_212' title='bbox 1351 3209 1376 3221; x_wconf 80' lang='lat'><strong>‘&#39;</strong></span> <span class='ocrx_word' id='word_1_213' title='bbox 1416 3207 1428 3266; x_wconf 72' lang='lat' dir='ltr'><em>f</em></span> 
     </span>
    </p>

    <p class='ocr_par' dir='ltr' id='par_1_25' title="bbox 256 3296 1423 3383">
     <span class='ocr_line' id='line_1_25' title="bbox 256 3296 1423 3383; baseline 0.002 -20"><span class='ocrx_word' id='word_1_214' title='bbox 256 3300 415 3378; x_wconf 78' lang='lat' dir='ltr'><strong>Vergilius</strong></span> <span class='ocrx_word' id='word_1_215' title='bbox 453 3317 571 3380; x_wconf 86' lang='lat' dir='ltr'><strong>quoque</strong></span> <span class='ocrx_word' id='word_1_216' title='bbox 601 3299 730 3363; x_wconf 83' lang='lat' dir='ltr'><strong>imitatus</strong></span> <span class='ocrx_word' id='word_1_217' title='bbox 759 3301 818 3361; x_wconf 82' lang='lat' dir='ltr'><strong>ait:</strong></span> <span class='ocrx_word' id='word_1_218' title='bbox 855 3300 1064 3383; x_wconf 82' lang='lat' dir='ltr'><strong>Oceanumque</strong></span> <span class='ocrx_word' id='word_1_219' title='bbox 1091 3305 1208 3381; x_wconf 76' lang='lat' dir='ltr'><strong>patrem</strong></span> <span class='ocrx_word' id='word_1_220' title='bbox 1236 3310 1386 3376; x_wconf 74' lang='lat' dir='ltr'><strong>rerum25</strong></span> <span class='ocrx_word' id='word_1_221' title='bbox 1419 3296 1423 3304; x_wconf 82' lang='grc'>’</span> 
     </span>
    </p>

    <p class='ocr_par' dir='ltr' id='par_1_26' title="bbox 255 3394 1463 3581">
     <span class='ocr_line' id='line_1_26' title="bbox 255 3394 1463 3483; baseline -0.003 -17"><span class='ocrx_word' id='word_1_222' title='bbox 255 3404 463 3483; x_wconf 84' lang='lat' dir='ltr'><strong>nymphasque</strong></span> <span class='ocrx_word' id='word_1_223' title='bbox 486 3415 647 3461; x_wconf 85' lang='lat' dir='ltr'><strong>sorores..</strong></span> <span class='ocrx_word' id='word_1_224' title='bbox 1040 3394 1046 3401; x_wconf 77' lang='grc'><strong><em>’</em></strong></span> <span class='ocrx_word' id='word_1_225' title='bbox 1335 3400 1340 3411; x_wconf 81' lang='grc'><em>’</em></span> <span class='ocrx_word' id='word_1_226' title='bbox 1460 3435 1463 3442; x_wconf 72' lang='grc'><strong>»</strong></span> 
     </span>
     <span class='ocr_line' id='line_1_27' title="bbox 321 3496 1332 3581; baseline -0.007 -14"><span class='ocrx_word' id='word_1_227' title='bbox 321 3505 374 3567; x_wconf 75' lang='lat' dir='ltr'><strong>da.</strong></span> <span class='ocrx_word' id='word_1_228' title='bbox 418 3500 649 3581; x_wconf 75' lang='lat' dir='ltr'><strong>Caricaseasque</strong></span> <span class='ocrx_word' id='word_1_229' title='bbox 679 3498 778 3559; x_wconf 86' lang='lat' dir='ltr'><strong>reiert</strong></span> <span class='ocrx_word' id='word_1_230' title='bbox 799 3496 937 3559; x_wconf 89' lang='lat' dir='ltr'><strong>uolucres</strong></span> <span class='ocrx_word' id='word_1_231' title='bbox 963 3496 1131 3578; x_wconf 76' lang='lat' dir='ltr'><strong>furtumque</strong></span> <span class='ocrx_word' id='word_1_232' title='bbox 1151 3498 1332 3563; x_wconf 86' lang='lat' dir='ltr'><strong>Promethei.</strong></span> 
     </span>
    </p>

    <p class='ocr_par' dir='ltr' id='par_1_27' title="bbox 258 3595 1332 3679">
     <span class='ocr_line' id='line_1_28' title="bbox 258 3595 1332 3679; baseline -0.007 -14"><span class='ocrx_word' id='word_1_233' title='bbox 258 3600 457 3665; x_wconf 82' lang='lat' dir='ltr'><strong>Prometheus</strong></span> <span class='ocrx_word' id='word_1_234' title='bbox 479 3618 573 3679; x_wconf 87' lang='lat' dir='ltr'><strong>opera</strong></span> <span class='ocrx_word' id='word_1_235' title='bbox 594 3619 650 3661; x_wconf 90' lang='lat' dir='ltr'><strong>sua</strong></span> <span class='ocrx_word' id='word_1_236' title='bbox 671 3601 703 3661; x_wconf 89' lang='lat' dir='ltr'><strong>et</strong></span> <span class='ocrx_word' id='word_1_237' title='bbox 724 3598 811 3661; x_wconf 88' lang='lat' dir='ltr'><strong>lictus</strong></span> <span class='ocrx_word' id='word_1_238' title='bbox 834 3601 866 3660; x_wconf 86' lang='lat' dir='ltr'><strong>et</strong></span> <span class='ocrx_word' id='word_1_239' title='bbox 888 3595 1185 3674; x_wconf 27' lang='lat' dir='ltr'><strong>animatosxhomines</strong></span> <span class='ocrx_word' id='word_1_240' title='bbox 1207 3617 1272 3659; x_wconf 92' lang='lat' dir='ltr'><strong>oum</strong></span> <span class='ocrx_word' id='word_1_241' title='bbox 1287 3600 1332 3659; x_wconf 91' lang='lat' dir='ltr'><strong>ui-</strong></span> 
     </span>
    </p>

    <p class='ocr_par' dir='ltr' id='par_1_28' title="bbox 259 3696 1334 3782">
     <span class='ocr_line' id='line_1_29' title="bbox 259 3696 1334 3782; baseline -0.005 -17"><span class='ocrx_word' id='word_1_242' title='bbox 259 3704 349 3766; x_wconf 84' lang='lat' dir='ltr'><strong>deret</strong></span> <span class='ocrx_word' id='word_1_243' title='bbox 368 3704 451 3780; x_wconf 80' lang='lat' dir='ltr'><strong>ignis</strong></span> <span class='ocrx_word' id='word_1_244' title='bbox 473 3718 587 3780; x_wconf 85' lang='lat' dir='ltr'><strong>egere,</strong></span> <span class='ocrx_word' id='word_1_245' title='bbox 616 3702 666 3782; x_wconf 87' lang='lat' dir='ltr'><strong>qui</strong></span> <span class='ocrx_word' id='word_1_246' title='bbox 688 3699 763 3761; x_wconf 90' lang='lat' dir='ltr'><strong>solis</strong></span> <span class='ocrx_word' id='word_1_247' title='bbox 784 3700 814 3761; x_wconf 92' lang='lat' dir='ltr'><strong>in</strong></span> <span class='ocrx_word' id='word_1_248' title='bbox 835 3699 943 3761; x_wconf 88' lang='lat' dir='ltr'><strong>lumine</strong></span> <span class='ocrx_word' id='word_1_249' title='bbox 965 3696 1041 3757; x_wconf 88' lang='lat' dir='ltr'><strong>diem</strong></span> <span class='ocrx_word' id='word_1_250' title='bbox 1062 3698 1119 3759; x_wconf 90' lang='lat' dir='ltr'><strong>diis</strong></span> <span class='ocrx_word' id='word_1_251' title='bbox 1141 3699 1334 3777; x_wconf 79' lang='lat' dir='ltr'><strong>operabatur,</strong></span> 
     </span>
    </p>
   </div>
   <div class='ocr_carea' id='block_1_2' title="bbox 256 3855 1449 4697">
    <p class='ocr_par' dir='ltr' id='par_1_29' title="bbox 256 3855 1449 4697">
     <span class='ocr_line' id='line_1_30' title="bbox 331 3855 1433 3943; baseline -0.006 -6"><span class='ocrx_word' id='word_1_252' title='bbox 331 3886 357 3937; x_wconf 74' lang='lat'><strong>5.</strong></span> <span class='ocrx_word' id='word_1_253' title='bbox 376 3883 447 3936; x_wconf 89' lang='lat' dir='ltr'><strong>Nam</strong></span> <span class='ocrx_word' id='word_1_254' title='bbox 467 3889 495 3935; x_wconf 83' lang='lat' dir='ltr'><strong>et</strong></span> <span class='ocrx_word' id='word_1_255' title='bbox 512 3881 548 3937; x_wconf 83' lang='lat' dir='ltr'><strong>X·</strong></span> <span class='ocrx_word' id='word_1_256' title='bbox 567 3888 597 3932; x_wconf 87' lang='grc' dir='ltr'><strong>Ρ.</strong></span> <span class='ocrx_word' id='word_1_257' title='bbox 675 3882 700 3931; x_wconf 80' lang='lat' dir='ltr'><strong>l.</strong></span> <span class='ocrx_word' id='word_1_258' title='bbox 720 3880 791 3933; x_wconf 89' lang='lat' dir='ltr'><strong>haec</strong></span> <span class='ocrx_word' id='word_1_259' title='bbox 816 3885 902 3931; x_wconf 82' lang='lat' dir='ltr'><strong>antea</strong></span> <span class='ocrx_word' id='word_1_260' title='bbox 920 3894 977 3933; x_wconf 89' lang='lat' dir='ltr'><strong>cm.</strong></span> <span class='ocrx_word' id='word_1_261' title='bbox 995 3882 1032 3932; x_wconf 82' lang='lat' dir='ltr'><strong>V.</strong></span> <span class='ocrx_word' id='word_1_262' title='bbox 1109 3879 1135 3930; x_wconf 81' lang='lat'><strong>5.</strong></span> <span class='ocrx_word' id='word_1_263' title='bbox 1154 3885 1279 3933; x_wconf 75' lang='lat' dir='ltr'><strong>mactata</strong></span> <span class='ocrx_word' id='word_1_264' title='bbox 1296 3884 1330 3943; x_wconf 80' lang='grc' dir='ltr'><strong>Ε,</strong></span> <span class='ocrx_word' id='word_1_265' title='bbox 1426 3855 1433 3873; x_wconf 70' lang='grc'><em>’</em></span> 
     </span>
     <span class='ocr_line' id='line_1_31' title="bbox 258 3958 1329 4020; baseline -0.006 0"><span class='ocrx_word' id='word_1_266' title='bbox 258 3966 352 4020; x_wconf 71' lang='lat' dir='ltr'><strong>tracta</strong></span> <span class='ocrx_word' id='word_1_267' title='bbox 372 3970 427 4019; x_wconf 77' lang='lat'><strong>71³.</strong></span> <span class='ocrx_word' id='word_1_268' title='bbox 461 3970 594 4018; x_wconf 80' lang='lat' dir='ltr'><strong>Fortasse</strong></span> <span class='ocrx_word' id='word_1_269' title='bbox 611 3962 680 4017; x_wconf 82' lang='lat' dir='ltr'><strong>haee</strong></span> <span class='ocrx_word' id='word_1_270' title='bbox 702 3965 788 4016; x_wconf 81' lang='lat' dir='ltr'><strong>etiarn</strong></span> <span class='ocrx_word' id='word_1_271' title='bbox 799 3989 834 4001; x_wconf 97' lang='lat'><em>-</em></span> <span class='ocrx_word' id='word_1_272' title='bbox 845 3969 947 4015; x_wconf 70' lang='lat' dir='ltr'><strong>tractm</strong></span> <span class='ocrx_word' id='word_1_273' title='bbox 1013 3965 1127 4015; x_wconf 75' lang='lat' dir='ltr'><strong>Graeca</strong></span> <span class='ocrx_word' id='word_1_274' title='bbox 1145 3958 1213 4016; x_wconf 80' lang='lat' dir='ltr'><strong>dedi</strong></span> <span class='ocrx_word' id='word_1_275' title='bbox 1228 3978 1270 4017; x_wconf 69' lang='lat' dir='ltr'><strong>ece</strong></span> <span class='ocrx_word' id='word_1_276' title='bbox 1287 3968 1329 4015; x_wconf 79' lang='lat' dir='ltr'><strong>E.-</strong></span> 
     </span>
     <span class='ocr_line' id='line_1_32' title="bbox 260 4044 1332 4114; baseline -0.007 -9"><span class='ocrx_word' id='word_1_277' title='bbox 260 4066 315 4105; x_wconf 84' lang='lat' dir='ltr'><strong>am·</strong></span> <span class='ocrx_word' id='word_1_278' title='bbox 330 4052 367 4114; x_wconf 78' lang='lat' dir='ltr'><strong>V,</strong></span> <span class='ocrx_word' id='word_1_279' title='bbox 385 4050 490 4104; x_wconf 82' lang='lat' dir='ltr'><strong>decumo</strong></span> <span class='ocrx_word' id='word_1_280' title='bbox 509 4052 541 4101; x_wconf 85' lang='lat' dir='ltr'><strong>in</strong></span> <span class='ocrx_word' id='word_1_281' title='bbox 553 4053 584 4100; x_wconf 87' lang='lat' dir='ltr'><strong>P.</strong></span> <span class='ocrx_word' id='word_1_282' title='bbox 653 4050 679 4099; x_wconf 87' lang='grc'><strong>8.</strong></span> <span class='ocrx_word' id='word_1_283' title='bbox 698 4052 819 4099; x_wconf 82' lang='lat' dir='ltr'><strong>Lacuna</strong></span> <span class='ocrx_word' id='word_1_284' title='bbox 837 4062 897 4099; x_wconf 82' lang='lat' dir='ltr'><strong>raon</strong></span> <span class='ocrx_word' id='word_1_285' title='bbox 912 4044 1044 4099; x_wconf 77' lang='lat' dir='ltr'><strong>indicula</strong></span> <span class='ocrx_word' id='word_1_286' title='bbox 1058 4054 1100 4099; x_wconf 76' lang='lat' dir='ltr'><strong>esi</strong></span> <span class='ocrx_word' id='word_1_287' title='bbox 1117 4049 1149 4099; x_wconf 83' lang='lat' dir='ltr'><strong>in</strong></span> <span class='ocrx_word' id='word_1_288' title='bbox 1160 4050 1197 4100; x_wconf 81' lang='lat' dir='ltr'><strong>V.</strong></span> <span class='ocrx_word' id='word_1_289' title='bbox 1234 4046 1332 4099; x_wconf 82' lang='lat' dir='ltr'><strong>Verba</strong></span> 
     </span>
     <span class='ocr_line' id='line_1_33' title="bbox 259 4126 1449 4205; baseline -0.008 -20"><span class='ocrx_word' id='word_1_290' title='bbox 259 4132 326 4203; x_wconf 73' lang='grc' dir='ltr'><strong>δρᾷς</strong></span> <span class='ocrx_word' id='word_1_291' title='bbox 335 4136 384 4187; x_wconf 73' lang='lat' dir='ltr'><strong>ruo</strong></span> <span class='ocrx_word' id='word_1_292' title='bbox 395 4135 469 4199; x_wconf 76' lang='lat' dir='ltr'><strong>duod</strong></span> <span class='ocrx_word' id='word_1_293' title='bbox 481 4132 564 4186; x_wconf 74' lang='grc' dir='ltr'><em>τόνδ’</em></span> <span class='ocrx_word' id='word_1_294' title='bbox 574 4140 624 4187; x_wconf 76' lang='lat' dir='ltr'><strong>etc.</strong></span> <span class='ocrx_word' id='word_1_295' title='bbox 636 4130 691 4201; x_wconf 86' lang='lat' dir='ltr'><strong>(cf.</strong></span> <span class='ocrx_word' id='word_1_296' title='bbox 700 4148 731 4205; x_wconf 83' lang='lat' dir='ltr'><strong>p.</strong></span> <span class='ocrx_word' id='word_1_297' title='bbox 738 4132 780 4193; x_wconf 85' lang='grc'><strong>11,</strong></span> <span class='ocrx_word' id='word_1_298' title='bbox 789 4131 819 4195; x_wconf 87' lang='grc'><strong>8)</strong></span> <span class='ocrx_word' id='word_1_299' title='bbox 827 4129 969 4185; x_wconf 80' lang='lat' dir='ltr'><strong>excidisse</strong></span> <span class='ocrx_word' id='word_1_300' title='bbox 979 4134 1085 4184; x_wconf 77' lang='lat' dir='ltr'><strong>censuit</strong></span> <span class='ocrx_word' id='word_1_301' title='bbox 1093 4126 1331 4183; x_wconf 72' lang='lat' dir='ltr'><strong>schneideaoimm.</strong></span> <span class='ocrx_word' id='word_1_302' title='bbox 1445 4196 1449 4202; x_wconf 90' lang='lat'>.</span> 
     </span>
     <span class='ocr_line' id='line_1_34' title="bbox 296 4204 1334 4271; baseline -0.005 -5"><span class='ocrx_word' id='word_1_303' title='bbox 296 4217 340 4267; x_wconf 76' lang='grc'><strong>10.</strong></span> <span class='ocrx_word' id='word_1_304' title='bbox 351 4204 417 4267; x_wconf 82' lang='lat' dir='ltr'><strong>Tuis</strong></span> <span class='ocrx_word' id='word_1_305' title='bbox 433 4231 450 4266; x_wconf 85' lang='lat' dir='ltr'><strong>a</strong></span> <span class='ocrx_word' id='word_1_306' title='bbox 465 4231 497 4269; x_wconf 85' lang='lat' dir='ltr'><strong>re</strong></span> <span class='ocrx_word' id='word_1_307' title='bbox 509 4220 546 4271; x_wconf 86' lang='lat' dir='ltr'><strong>V.</strong></span> <span class='ocrx_word' id='word_1_308' title='bbox 600 4218 643 4268; x_wconf 88' lang='grc'><strong>11.</strong></span> <span class='ocrx_word' id='word_1_309' title='bbox 662 4217 692 4265; x_wconf 91' lang='lat' dir='ltr'><strong>in</strong></span> <span class='ocrx_word' id='word_1_310' title='bbox 710 4222 777 4267; x_wconf 76' lang='lat' dir='ltr'><strong>unte</strong></span> <span class='ocrx_word' id='word_1_311' title='bbox 794 4216 887 4269; x_wconf 85' lang='lat' dir='ltr'><strong>altera</strong></span> <span class='ocrx_word' id='word_1_312' title='bbox 905 4223 932 4267; x_wconf 83' lang='lat' dir='ltr'><strong>el</strong></span> <span class='ocrx_word' id='word_1_313' title='bbox 948 4216 1034 4267; x_wconf 82' lang='lat' dir='ltr'><strong>tentia</strong></span> <span class='ocrx_word' id='word_1_314' title='bbox 1052 4231 1108 4267; x_wconf 89' lang='lat' dir='ltr'><strong>om.</strong></span> <span class='ocrx_word' id='word_1_315' title='bbox 1119 4218 1149 4261; x_wconf 90' lang='grc' dir='ltr'><strong>Ρ.</strong></span> <span class='ocrx_word' id='word_1_316' title='bbox 1191 4210 1247 4259; x_wconf 72' lang='grc'><strong>15.-</strong></span> <span class='ocrx_word' id='word_1_317' title='bbox 1265 4207 1334 4261; x_wconf 84' lang='lat' dir='ltr'><strong>Par·</strong></span> 
     </span>
     <span class='ocr_line' id='line_1_35' title="bbox 256 4290 1330 4373; baseline -0.007 -20"><span class='ocrx_word' id='word_1_318' title='bbox 256 4298 442 4353; x_wconf 75' lang='lat' dir='ltr'><strong>meuadesr.</strong></span> <span class='ocrx_word' id='word_1_319' title='bbox 502 4301 545 4351; x_wconf 80' lang='lat' dir='ltr'><strong>ld.</strong></span> <span class='ocrx_word' id='word_1_320' title='bbox 566 4301 708 4369; x_wconf 85' lang='lat' dir='ltr'><strong>llippalus</strong></span> <span class='ocrx_word' id='word_1_321' title='bbox 717 4304 747 4351; x_wconf 91' lang='grc' dir='ltr'><strong>Ρ.</strong></span> <span class='ocrx_word' id='word_1_322' title='bbox 807 4302 852 4351; x_wconf 91' lang='grc'><strong>17.</strong></span> <span class='ocrx_word' id='word_1_323' title='bbox 870 4300 1069 4373; x_wconf 67' lang='lat' dir='ltr'><strong>sentinosz.</strong></span> <span class='ocrx_word' id='word_1_324' title='bbox 1122 4290 1330 4359; x_wconf 65' lang='lat' dir='ltr'><strong>oppallatuaV.</strong></span> 
     </span>
     <span class='ocr_line' id='line_1_36' title="bbox 300 4373 1333 4454; baseline -0.008 -20"><span class='ocrx_word' id='word_1_325' title='bbox 300 4384 496 4437; x_wconf 73' lang='lat' dir='ltr'><strong>Auaxumenea</strong></span> <span class='ocrx_word' id='word_1_326' title='bbox 524 4384 560 4433; x_wconf 80' lang='lat' dir='ltr'><strong>V.</strong></span> <span class='ocrx_word' id='word_1_327' title='bbox 649 4384 692 4433; x_wconf 83' lang='lat'><strong>20.</strong></span> <span class='ocrx_word' id='word_1_328' title='bbox 719 4399 842 4451; x_wconf 78' lang='grc' dir='ltr'><strong>ητοιμεις</strong></span> <span class='ocrx_word' id='word_1_329' title='bbox 871 4393 1006 4454; x_wconf 68' lang='lat' dir='ltr'><strong>reposuero</strong></span> <span class='ocrx_word' id='word_1_330' title='bbox 1032 4396 1103 4447; x_wconf 78' lang='grc' dir='ltr'><strong><em>χιιος</em></strong></span> <span class='ocrx_word' id='word_1_331' title='bbox 1125 4373 1190 4441; x_wconf 64' lang='lat' dir='ltr'><strong>seli.</strong></span> <span class='ocrx_word' id='word_1_332' title='bbox 1218 4382 1333 4427; x_wconf 83' lang='lat' dir='ltr'><strong>om.-&#39;P.</strong></span> 
     </span>
     <span class='ocr_line' id='line_1_37' title="bbox 292 4460 1334 4539; baseline -0.006 -22"><span class='ocrx_word' id='word_1_333' title='bbox 292 4468 337 4519; x_wconf 91' lang='grc'><strong>21.</strong></span> <span class='ocrx_word' id='word_1_334' title='bbox 356 4468 501 4519; x_wconf 75' lang='lat' dir='ltr'><strong>ueiaroV.</strong></span> <span class='ocrx_word' id='word_1_335' title='bbox 552 4462 684 4517; x_wconf 68' lang='lat' dir='ltr'><strong>enarer.</strong></span> <span class='ocrx_word' id='word_1_336' title='bbox 742 4464 905 4518; x_wconf 85' lang='lat' dir='ltr'><strong>citaeusV.</strong></span> <span class='ocrx_word' id='word_1_337' title='bbox 959 4464 1004 4512; x_wconf 88' lang='grc'><strong>22.</strong></span> <span class='ocrx_word' id='word_1_338' title='bbox 1022 4464 1134 4528; x_wconf 63' lang='lat' dir='ltr'><strong>peluem</strong></span> <span class='ocrx_word' id='word_1_339' title='bbox 1150 4462 1179 4509; x_wconf 97' lang='grc' dir='ltr'><strong>Ρ.</strong></span> <span class='ocrx_word' id='word_1_340' title='bbox 1206 4460 1334 4539; x_wconf 47' lang='lat' dir='ltr'><strong>&gt;fideu-</strong></span> 
     </span>
     <span class='ocr_line' id='line_1_38' title="bbox 258 4542 1331 4616; baseline -0.007 -13"><span class='ocrx_word' id='word_1_341' title='bbox 258 4548 322 4603; x_wconf 87' lang='lat' dir='ltr'><strong>dam</strong></span> <span class='ocrx_word' id='word_1_342' title='bbox 341 4551 377 4601; x_wconf 83' lang='lat' dir='ltr'><strong>V.</strong></span> <span class='ocrx_word' id='word_1_343' title='bbox 447 4548 483 4600; x_wconf 86' lang='lat' dir='ltr'><strong>ah</strong></span> <span class='ocrx_word' id='word_1_344' title='bbox 498 4547 626 4599; x_wconf 82' lang='lat' dir='ltr'><strong>Homero</strong></span> <span class='ocrx_word' id='word_1_345' title='bbox 646 4548 703 4597; x_wconf 88' lang='lat' dir='ltr'><strong>om.</strong></span> <span class='ocrx_word' id='word_1_346' title='bbox 722 4553 751 4597; x_wconf 91' lang='grc' dir='ltr'><strong>Ρ.</strong></span> <span class='ocrx_word' id='word_1_347' title='bbox 820 4550 963 4616; x_wconf 80' lang='lat' dir='ltr'><strong>possimne</strong></span> <span class='ocrx_word' id='word_1_348' title='bbox 980 4550 1010 4595; x_wconf 84' lang='lat' dir='ltr'><strong>P.</strong></span> <span class='ocrx_word' id='word_1_349' title='bbox 1079 4542 1122 4593; x_wconf 75' lang='grc'><strong>21.</strong></span> <span class='ocrx_word' id='word_1_350' title='bbox 1142 4544 1255 4595; x_wconf 81' lang='lat' dir='ltr'><strong>Graeco</strong></span> <span class='ocrx_word' id='word_1_351' title='bbox 1274 4558 1331 4597; x_wconf 89' lang='lat' dir='ltr'><strong>cm.</strong></span> 
     </span>
     <span class='ocr_line' id='line_1_39' title="bbox 256 4624 1331 4697; baseline -0.007 -9"><span class='ocrx_word' id='word_1_352' title='bbox 256 4634 289 4689; x_wconf 83' lang='lat' dir='ltr'><strong>in</strong></span> <span class='ocrx_word' id='word_1_353' title='bbox 308 4632 414 4687; x_wconf 80' lang='lat' dir='ltr'><strong>lueuiao</strong></span> <span class='ocrx_word' id='word_1_354' title='bbox 432 4639 461 4687; x_wconf 87' lang='grc' dir='ltr'><strong>Ρ.</strong></span> <span class='ocrx_word' id='word_1_355' title='bbox 532 4640 678 4697; x_wconf 67' lang='lat' dir='ltr'><strong>peruadere</strong></span> <span class='ocrx_word' id='word_1_356' title='bbox 693 4633 729 4684; x_wconf 79' lang='lat' dir='ltr'><strong>V.</strong></span> <span class='ocrx_word' id='word_1_357' title='bbox 797 4633 841 4685; x_wconf 85' lang='grc'><strong>22.</strong></span> <span class='ocrx_word' id='word_1_358' title='bbox 861 4632 1022 4683; x_wconf 72' lang='lat' dir='ltr'><strong>caucueaa</strong></span> <span class='ocrx_word' id='word_1_359' title='bbox 1041 4628 1078 4682; x_wconf 81' lang='lat' dir='ltr'><strong>V·</strong></span> <span class='ocrx_word' id='word_1_360' title='bbox 1139 4624 1184 4679; x_wconf 76' lang='grc'><strong>22.</strong></span> <span class='ocrx_word' id='word_1_361' title='bbox 1203 4626 1282 4679; x_wconf 84' lang='lat' dir='ltr'><strong>aolus</strong></span> <span class='ocrx_word' id='word_1_362' title='bbox 1302 4634 1331 4680; x_wconf 89' lang='grc' dir='ltr'><strong>Ρ.</strong></span> 
     </span>
    </p>
   </div>
   <div class='ocr_carea' id='block_1_3' title="bbox 0 0 1772 5450">
    <p class='ocr_par' dir='ltr' id='par_1_30' title="bbox 0 0 1772 5450">
     <span class='ocr_line' id='line_1_40' title="bbox 0 0 1772 5450; baseline 0 8"><span class='ocrx_word' id='word_1_363' title='bbox 0 0 1772 5450; x_wconf 95' lang='lat' dir='ltr'><strong> </strong></span> 
     </span>
    </p>
   </div>
  </div>
 </body>
</html>
