3534 5450
383 888 502 959 iterum
529 881 569 954 ad
597 881 692 954 fidem
719 879 842 953 codicis
867 904 1020 952 excussa.
1073 879 1236 951 Poterant
1261 886 1369 951 autem
1385 879 1450 949 ali·
1494 896 1498 902 ’

383 1011 506 1100 quanto
533 999 758 1083 emendatiora
801 1023 899 1094 quam
937 1023 958 1068 a
988 1022 1040 1069 me
1072 998 1197 1070 lactum
1230 1006 1280 1069 cst
1316 997 1388 1087 edi,
1421 995 1449 1067 si

382 1147 447 1218 quo
476 1129 539 1216 per
568 1117 678 1188 Tuam
702 1116 968 1188 beneuolentiam
993 1117 1029 1187 iu
1055 1115 1169 1187 Probo
1195 1116 1243 1186 oti
1269 1114 1362 1186 licuit
1382 1115 1450 1185 otio

382 1249 418 1314 et
438 1238 633 1333 diligentia,
668 1235 818 1344 licuisset
840 1235 875 1306 in
901 1234 953 1304 bis
974 1257 1101 1328 quoqne
1127 1254 1187 1329 per
1210 1233 1304 1327 leges
1327 1231 1451 1302 biblio-

253 1385 257 1401 ·
382 1359 499 1430 thecae
525 1353 764 1430 Veronensis.v
803 1353 996 1448 Quanquam
1028 1351 1119 1423 insta
1143 1348 1244 1422 laudo
1268 1374 1336 1421 uon
1360 1349 1453 1419 irau-

381 1475 509 1548 dandos
533 1481 585 1545 est
612 1465 756 1566 optimus
783 1469 924 1566 capituli
944 1465 1151 1541 Veronensis
1176 1469 1372 1559 eanonicus,
1397 1465 1451 1562 qni

381 1605 419 1665 nt
450 1591 598 1664 codicem
628 1612 667 1659 so
700 1586 871 1658 adsidente
905 1611 978 1658 cum
1011 1585 1098 1657 Maii
1124 1588 1275 1683 exemplo
1301 1585 1453 1657 conferre

381 1733 509 1806 possem
517 1728 709 1800 ,magnum
742 1704 885 1775 laborem
917 1727 984 1773 nou
1018 1712 1159 1798 grauate
1191 1698 1452 1798 mecom'passns

381 1834 442 1910 est.
503 1821 576 1896 Sed
603 1847 674 1894 eoru
701 1822 734 1892 iu
762 1828 830 1891 tam
855 1819 966 1889 moltis
988 1845 1070 1916 quas
1092 1821 1160 1892 uidi
1183 1819 1306 1891 ltaliae
1331 1820 1452 1891 biblio-

381 1943 488 2014 tbeois
513 1965 677 2035 nunquam
704 1963 769 2010 non
794 1936 998 2027 liberaliter,
1023 1945 1060 2008 ot
1085 1938 1213 2034 quidem
1240 1937 1451 2009 uniuscuius-

381 2085 444 2157 que
469 2058 617 2129 cioitatr's
641 2057 792 2128 instituta
817 2055 1040 2150 patiebantur,
1065 2058 1109 2128 ab
1134 2058 1177 2130 iis
1202 2056 1255 2154 qni
1269 2056 1366 2129 libris
1378 2079 1451 2126 ma·

380 2175 558 2271 nuseriptis
594 2179 769 2269 praeerant
798 2179 958 2266 exceptus
982 2175 1065 2263 sim,
1106 2177 1230 2247 nnllnru
1267 2183 1376 2246 tamen
1401 2173 1451 2244 io·

382 2295 477 2384 ueni,
497 2294 552 2388 qui
577 2289 686 2362 studia
713 2313 785 2360 mea
821 2313 896 2360 cum
931 2299 997 2360 tam
1024 2291 1174 2385 grauiter
1195 2293 1355 2388 impedire
1370 2315 1452 2386 pos·

380 2419 456 2501 set,
479 2417 547 2481 tam
571 2409 758 2480 liberaliter
784 2405 978 2498 adiuuaret,
1005 2432 1100 2503 qoam
1135 2401 1153 2480 a
1179 2409 1233 2482 'l’e
1266 2410 1302 2479 iu
1327 2409 1451 2481 biblio-

379 2529 477 2602 tleoa
493 2525 662 2599 Vaticana
687 2524 759 2597 lieri
772 2525 1002 2597 animaduerti.
1026 2606 1028 2619 ⁴
1055 2526 1161 2618 Quam
1178 2527 1306 2624 quidem
1321 2553 1448 2599 morum
1486 2580 1496 2594 .

379 2645 579 2744 elegantiam
618 2669 693 2718 cnm
732 2668 834 2741 saepe
875 2644 913 2716 in
950 2643 1004 2715 Te
1040 2645 1156 2718 mirari
1195 2646 1310 2741 soleo,
1352 2649 1449 2723 simol

378 2763 629 2838 dulcideleotor
653 2763 929 2833 suauissimarnm·
943 2762 1249 2837 confabulationum
1279 2768 1449 2859 memoria,

379 2906 454 2953 cunr
481 2888 538 2950 aut
563 2878 604 2952 de
629 2879 716 2951 Tuis
736 2880 926 2975 nostrisque
949 2877 1067 2951 studiis
1091 2882 1263 2954 nobiscnm
1277 2886 1450 2982 colloque·

326 3088 331 3099 Ι
379 3000 478 3086 bare,
507 3005 564 3068 aut
589 2996 630 3069 de
660 2998 761 3069 rebus
786 2996 948 3068 Romanis
967 2998 1149 3090 narrabas,
1175 3007 1231 3071 ant
1254 3001 1295 3074 de
1318 3003 1448 3099 patriae

379 3122 513 3187 nostrae
540 3115 684 3186 moribus
702 3123 736 3186 ot
760 3115 924 3187 institutis
947 3141 966 3188 e
993 3117 1089 3188 nobis
1108 3122 1301 3219 quaerebas.
1351 3122 1448 3195 Haeo

378 3230 481 3325 igitur
508 3255 632 3323 mecum
661 3239 834 3331 reputans,
874 3235 1033 3331 exiguam
1059 3237 1203 3331 gratiam
1235 3241 1299 3313 boo
1327 3240 1447 3337 pusillo

379 3348 463 3419 dono
478 3346 560 3419 Tibi
575 3351 747 3424 rettulisse
762 3352 843 3423 milri
858 3353 985 3425 uideor.
1031 3354 1087 3426 'l’u
1105 3365 1227 3447 antem,
1243 3356 1317 3430 ‘Vir
1332 3359 1448 3453 Egre-

376 3465 452 3561 gie,
478 3465 599 3539 litteris
620 3470 754 3561 nostris,
782 3495 921 3566 quarum
943 3472 1038 3566 larga
1061 3473 1161 3567 copia
1190 3473 1226 3544 iu
1248 3474 1447 3569 locupletis·

377 3587 460 3657 sima
483 3584 535 3657 eui
557 3611 675 3683 praees
696 3588 894 3659 bibliotbeca
915 3596 1036 3683 parata
1058 3597 1131 3678 est,
1158 3590 1234 3661 iane
1269 3601 1306 3661 nt
1347 3591 1445 3664 lacis.

377 3702 479 3774 Vale.
531 3700 726 3774 Scribebam
759 3702 859 3776 Halis
885 3702 1060 3777 Saxonum
1088 3705 1205 3779 Idibus
1224 3708 1391 3782 Ianuariis
1413 3736 1444 3782 a.

376 3815 720 3891 MDCGGXLVHI.
