3534 5450
857 683 1068 746 ..00-

418 855 502 920 idaeo
523 857 598 919 enim
621 856 716 916 omnia
739 871 797 915 non
820 856 877 914 tam
897 849 1111 926 narrationem,
1135 867 1221 929 qoam
1243 847 1380 930 aliquod
1402 868 1492 930 spoe-

418 960 545 1022 taonium
571 956 578 1039 Ι
604 956 785 1033 continent,
821 973 881 1015 nee
904 964 945 1014 'nt
974 955 1044 1014 ante
1076 953 1254 1012 nuntiantur.
1306 951 1492 1034 Paronmqne

417 1064 497 1144 patri
518 1060 661 1123 tendebat
682 1057 785 1120 ledum.
835 1057 909 1117 Pius
932 1056 996 1132 est,
1027 1072 1112 1134 quam
1143 1055 1169 1114 si
1192 1053 1322 1115 dixisset
1343 1055 1429 1133 mitri,
1460 1061 1493 1118 nt
1524 1103 1535 1110 .
1633 1094 1634 1125 3

416 1165 454 1227 ad
478 1162 660 1226 retinendum
680 1153 809 1240 lfila'um
830 1161 939 1245 nangis
957 1155 1056 1239 sortis
1078 1158 1125 1216 nis
1146 1157 1313 1218 affectionis
1336 1158 1492 1223 essetime

387 1261 568 1348 5nomine.l

479 1369 555 1431 665.
599 1365 699 1444 Eripis
721 1383 776 1444 pro
800 1363 949 1443 eripiebas
970 1363 1022 1423 aot
1044 1365 1184 1441 ereptura
1207 1380 1287 1423 eras
1309 1364 1323 1444 d
1497 1373 1516 1432 d

479 1471 554 1534 678.
599 1467 638 1530 m
666 1469 796 1530 eonionx
826 1465 972 1545 quondam
1001 1467 1052 1525 toa
1073 1464 1241 1544 relinquor,-
1263 1465 1383 1527 feminei
1406 1466 1602 1536 doio-2453

416 1574 460 1634 ris
478 1572 619 1648 obiectio,
644 1590 700 1651 qua
716 1589 771 1632 nee
787 1571 860 1630 deus
876 1587 912 1629 ea
933 1569 1037 1638 marito
1062 1586 1138 1628 uxor
1158 1554 1352 1647 relinquenda
1373 1587 1490 1648 propo·

401 1673 530 1756 *maturi
551 1670 634 1753 prins
655 1689 802 1752 personas
825 1671 863 1731 ad
892 1671 1066 1747 suffragium
1088 1671 1265 1731 retentionis
1287 1672 1413 1750 obiciat,
1444 1676 1489 1734 ta·

368 1782 483 1846 tomen
521 1777 571 1836 uini
609 1776 645 1836 ad
675 1793 756 1836 snum
786 1775 926 1853 peruenit
957 1789 1081 1850 nomen,
1115 1773 1290 1834 obliuionem
1328 1777 1382 1835 sne·
1406 1777 1411 1848 Ι
1438 1793 1489 1838 ao·

415 1877 536 1954 cusat!

477 1981 552 2044 687.
610 1978 739 2040 Peritum
775 1976 930 2039 multorom
960 1977 1180 2056 disciplinarum
1211 1975 1364 2038 Anchisen
1393 1979 1514 2040 foisseb

412 2117 597 2126 ——-
619 2084 705 2143 ssnnt
725 2080 865 2143 Naeuius
886 2114 929 2124 -
949 2077 954 2162 Ι
973 2082 1022 2162 qni
1044 2082 1086 2140 ita
1109 2079 1147 2140 de
1169 2097 1206 2140 eo
1221 2081 1279 2143 ait:
1303 2072 1518 2153 doetusAn·5

413 2183 499 2246 ehisa
522 2181 626 2243 Venus
650 2201 733 2262 qoem
755 2183 955 2262 pulcherrima
977 2183 1080 2242 diuum
1101 2184 1162 2243 iata
1184 2183 1290 2262 docet,
1314 2183 1441 2244 diuinum
1454 2187 1489 2245 nt

366 2285 520 2364 inponens
543 2283 669 2344 haberet
690 2284 739 2362 plu
764 2317 803 2329 -
830 2286 926 2362 ipost
947 2302 1008 2343 nox
1031 2301 1137 2345 serena
1160 2288 1217 2345 est.
1233 2287 1248 2358 11

475 2385 549 2450 693.
592 2383 746 2447 Intonuit
766 2384 912 2464 laeuum,
942 2388 1109 2465 sinistrum,
1136 2387 1165 2447 id
1189 2392 1237 2449 est
1259 2386 1364 2448 bonum
1386 2387 1423 2448 ab
1447 2391 1559 2454 eones
1581 2394 1635 2453 *a

413 2489 492 2571 quod
517 2523 704 2534 —--——-
724 2487 793 2549 ideo
824 2472 930 2550 diet-um
953 2491 994 2550 sit
1021 2492 1027 2568 Ι
1054 2524 1091 2534 -
1123 2489 1160 2549 od
1190 2492 1218 2550 in
1240 2493 1365 2568 posticis
1384 2491 1416 2552 id
1439 2493 1487 2552 est

411 2575 517 2654 ratum.
569 2589 632 2652 Sed
663 2591 771 2652 iuimen
800 2591 879 2652 mide
909 2593 1061 2670 exoritur,
1098 2593 1128 2652 id
1149 2595 1262 2653 seruari
1283 2598 1422 2674 oportet,
1454 2596 1486 2656 et

411 2695 518 2757 tonitru
549 2693 596 2755 uhi
620 2693 731 2755 desinit
757 2691 762 2773 Ι
789 2728 829 2787 -7-
852 2712 870 2754 a
892 2698 994 2774 tonat,
1023 2696 1163 2774 optimum
1192 2695 1225 2757 fit
1247 2698 1430 2777 auspicium,
1457 2697 1483 2759 si

359 2794 403 2861 20
412 2797 498 2857 modo
518 2815 575 2857 non
598 2790 741 2872 posticis,
765 2794 819 2855 sed
843 2795 947 2856 amieis
969 2798 1078 2859 euenit.
1098 2797 1104 2877 Ι

475 2900 550 2961 694.
592 2894 702 2957 Stella
717 2895 826 2980 facem
850 2898 960 2959 ducens
987 2934 1171 2943 ——--
1197 2903 1245 2981 qni
1268 2904 1310 2964 ait
1332 2903 1483 2964 Troianos
1633 2979 1634 2982 Ἴ

410 3000 526 3062 stellam
536 2997 838 3062 dueeindisoessionis
847 2998 991 3061 habenisse
1011 2999 1016 3078 1
1037 3034 1075 3045 -
1089 3022 1135 3062 nm
1147 3006 1295 3084 exactius,
1309 3004 1380 3085 qnid
1396 3006 1422 3064 si
1432 3005 1483 3065 ia·
1516 3020 1538 3080 5

410 3121 473 3165 oem
489 3095 624 3166 dueens't
658 3104 768 3161 Omnes
787 3104 861 3163 enim
876 3104 924 3184 qoi
951 3105 988 3165 de
1006 3104 1155 3183 prodigiis
1179 3107 1277 3187 aiiqna
1298 3108 1483 3169 scribseront
1512 3165 1519 3177 ,

410 3207 501 3284 aiunt,
525 3204 643 3286 quodsi
664 3200 669 3289 Ι
688 3238 727 3249 -
751 3225 768 3265 o
790 3206 937 3293 exciderit
1163 3209 1482 3291 rtendosAtquiAn-

358 3308 508 3375 25oinises
531 3308 612 3367 oeiut
633 3308 739 3367 bonum
762 3310 924 3387 auspicium
946 3328 1016 3371 esse
1038 3306 1166 3371 laetatos
1189 3314 1237 3371 est
1261 3314 1267 3390 Ι
1294 3350 1335 3361 -
1357 3332 1375 3373 n
1396 3314 1480 3391 peri-

410 3412 451 3473 tis
472 3411 570 3487 magis
593 3413 746 3489 acceptum
770 3412 944 3492 esi,‘quod
975 3414 1003 3471 in
1031 3428 1066 3472 ro
1087 3446 1128 3456 —
1152 3412 1266 3474 dolosis
1289 3413 1418 3500 aduersa
1438 3416 1479 3475 si-

391 3515 479 3593 -gnis
501 3512 642 3593 prodigia
664 3514 782 3575 casibus
804 3532 883 3594 expe
909 3515 1003 3592 Ι-ΙΙ
1048 3507 1053 3514 ἃ
1633 3577 1634 3582 ,

448 3616 546 3681 .703.
570 3618 588 3653 ⁴*
607 3616 799 3679 discessionis
822 3618 852 3677 et
881 3615 1010 3677 uaticinii
1032 3658 1478 3678 ..................
1487 3628 1557 3691 223
1580 3648 1599 3691 a

408 3756 695 3779 ............
718 3719 903 3800 reparandae
926 3720 1029 3797 gentis
1053 3719 1187 3799 Interpre
1210 3756 1250 3765 —
1268 3718 1273 3801 Ι
1293 3723 1327 3781 nt
1347 3740 1405 3782 non
1420 3740 1479 3799 pe·

441 3956 484 4005 12.
506 3955 600 4008 omine
619 3958 707 4008 codex.
777 3956 842 4021 245,
871 3958 895 4021 1.
921 3972 974 4009 nee
999 3956 1105 4009 decore
1130 3959 1272 4028 ascripsit
1298 3962 1407 4021 Maius,
1435 3961 1480 4025 qui

407 4040 495 4095 decos
516 4055 551 4092 ea
564 4062 616 4093 ease
633 4044 660 4093 in
679 4045 765 4094 codice
783 4046 839 4093 oia.-
855 4043 1030 4112 fortemne
1050 4044 1166 4094 creusa.
1221 4040 1247 4093 3.
1267 4045 1412 4110 Sequuntur
1428 4057 1478 4093 mea

406 4148 494 4179 umaua
513 4147 529 4178 a
540 4128 619 4180 Maio
636 4127 748 4196 neglecti
765 4146 844 4193 eaque
862 4132 992 4180 decanea
1011 4130 1195 4179 medicamento
1214 4131 1353 4179 nonencm':
1373 4131 1478 4193 quoad·

405 4216 496 4277 ma‘eeo,
520 4214 576 4263 'cum
600 4212 667 4265 nr'dr'l
684 4211 770 4262 altera
793 4216 921 4282 scriptura
938 4223 1033 4263 ternum
1050 4216 1100 4272 eii,
1125 4215 1211 4262 omnia
1223 4213 1315 4282 focile
1338 4214 1393 4282 legi
1406 4225 1476 4277 poie-

405 4309 476 4348 rant.
517 4299 630 4348 Ceterum
650 4316 728 4367 aegre
745 4301 855 4366 cognomi
872 4300 937 4347 daec
954 4301 1032 4348 uerba
1050 4295 1101 4347 sed
1123 4310 1157 4348 ex
1169 4296 1261 4349 Seruii
1281 4295 1370 4346 Tuiiii
1388 4294 1476 4345 hiato·

404 4378 449 4430 ria
465 4376 632 4431 describitio
657 4407 693 4419 -
719 4380 747 4431 in
765 4381 848 4449 regia
863 4378 868 4449 t
883 4380 956 4431 leuis
975 4378 1030 4432 hie.
1101 4381 1130 4431 ta.
1146 4380 1201 4432 deo
1217 4403 1265 4452 pro
1282 4380 1365 4432 deeo
1383 4384 1474 4433 codex.

406 4464 453 4537 Cf.
472 4466 549 4517 Prob-
565 4486 593 4530 p.
613 4464 770 4532 1d‚2.oqq.
796 4468 918 4518 Fortasse
941 4470 1068 4517 sentientia
1090 4470 1223 4519 uerborum
1247 4481 1270 4517 ci
1293 4487 1413 4519 numerus
1431 4466 1475 4516 tir·

404 4564 517 4603 ieronem
535 4552 575 4601 ita
593 4552 695 4601 restitui
709 4562 830 4618 poterat:
847 4550 935 4602 fnisse
953 4563 976 4601 ei
995 4553 1079 4605 diuini
1096 4556 1222 4621 quiddam
1232 4554 1354 4605 debuisse
1367 4554 1479 4623 probare

402 4638 519 4705 potsunt
536 4630 659 4685 Naeuius
675 4646 700 4685 et
718 4633 818 4685 Ennius
840 4636 868 4687 r'n
887 4638 941 4687 Aa·
