3534 5450
874 703 1210 785 -m-,

444 873 494 954 qni
524 871 695 950 ignoraret,
733 873 844 951 quanto
880 869 964 932 teilo
997 867 1076 933 Asia
1110 870 1142 930 et
1171 867 1294 947 Europa
1323 867 1518 946 mansisset,

444 971 680 1054 quandoquidem
706 972 784 1034 scire
812 974 939 1051 possm:
960 972 1050 1033 ctiam
1086 971 1137 1051 qui
1157 969 1235 1033 ulus
1264 989 1410 1034 oceanum
1430 973 1515 1032 exti-

441 1095 515 1136 mum
538 1075 707 1152 agitarent,
731 1074 839 1156 quique
862 1072 950 1135 diuisi
973 1072 1067 1152 plaga
1081 1072 1292 1155 aequinoctiali
1307 1089 1411 1134 aonam
1426 1071 1517 1152 iiiam,

441 1197 526 1260 quam
545 1169 722 1257 χειμερινήν
744 1176 891 1254 diximus,
913 1173 1090 1254 incolerent,
1111 1193 1198 1257 qnam
1220 1174 1381 1238 uerisimile
1400 1173 1439 1237 alr
1460 1174 1516 1236 uii-

411 1279 549 1362 r'rquibus
576 1277 745 1341 iniraiaitari.
794 1275 873 1340 Sunt
901 1281 1018 1356 auum,
1047 1278 1096 1360 qni
1124 1275 1183 1340 hoo
1211 1272 1385 1353 decimant,
1412 1286 1543 1342 uersus'

433 1381 589 1446 eiusmodi
595 1395 605 1444 t
902 1403 905 1406 ·

570 1482 687 1570 Quanta
707 1496 764 1560 per
785 1477 895 1541 idaeos
914 1478 1016 1540 saeuis
1038 1477 1133 1539 eit'usa
1153 1475 1297 1556 mycenis

568 1585 733 1662 tempesias
755 1581 825 1643 ierit
845 1599 986 1660 compos,
1017 1580 1126 1662 quibos
1155 1582 1241 1642 aetus
1262 1580 1389 1660 ttcrqnc
1455 1627 1459 1636 ,

567 1685 707 1771 Europae
728 1686 818 1765 atquc
840 1683 937 1744 Asiae
958 1684 1030 1744 istis
1051 1682 1234 1744 concurrerit
1254 1681 1347 1759 ordis,

390 1798 432 1860 10
568 1784 676 1861 audiit,
699 1784 779 1844 etsi
801 1802 887 1864 quem
909 1782 1000 1846 telius
1021 1787 1159 1846 extrema
1179 1785 1283 1846 roiuso

569 1888 733 1949 summouet
754 1903 885 1966 oceano,
906 1890 939 1949 et
960 1888 986 1948 si
1009 1904 1095 1969 quem
1115 1888 1242 1948 extenta
1263 1884 1420 1964 plagarum

567 1984 707 2069 quattuor
728 1987 757 2050 in
779 1989 876 2050 medio
896 1990 1008 2051 dirimit
1028 1989 1122 2070 plaga
1142 1986 1218 2050 solis
1238 1987 1342 2068 iniqui.

389 2123 392 2140 ι
439 2087 526 2150 Hanc
554 2087 651 2152 tannen
681 2091 847 2154 uniuersam
882 2093 1114 2172 disputationem
1142 2094 1326 2154 cerium'est
1348 2085 1515 2165 Vergilium

351 2215 354 2228 ·
437 2191 629 2255 transtulisse
651 2191 688 2252 ab
702 2191 916 2276 Eratosthene,
939 2195 1024 2254 colus
1046 2194 1125 2256 liber
1146 2197 1194 2255 est
1209 2192 1394 2256 hexametris
1417 2188 1513 2252 uersi·
1607 2258 1608 2263 ἵ

389 2293 502 2359 15hus
517 2294 664 2370 scriptus,
688 2295 736 2372 qui
761 2293 889 2357 Hermes
910 2296 1100 2358 inscribitur:
1123 2297 1208 2357 coins
1223 2294 1437 2382 disputationis
1450 2289 1514 2356 tale
1607 2288 1608 2297 ’

438 2393 702 2474 priucipinurestr
1447 2424 1453 2439 ·

608 2491 710 2557 Πέντε
733 2491 770 2558 ds‘
789 2493 818 2558 ol
841 2495 934 2573 ζῶναι
955 2494 1113 2577 περιορὲες
1135 2495 1318 2577 ἕοπείρηοτο

606 2591 640 2658 ul
665 2595 721 2657 teo
742 2594 799 2676 μὲν
818 2599 965 2679 γλαυκοῖο
986 2595 1172 2680 κυονότεροι
1200 2594 1338 2677 κυάνοιο,

439 2701 471 2763 et
492 2699 593 2761 uetera
616 2714 658 2760 cx
678 2697 747 2776 ipso
768 2697 845 2761 libro
867 2699 1054 2779 requirenda.
1097 2699 1172 2763 liam
1196 2699 1312 2781 qnidam
1335 2697 1436 2763 orlienr
1450 2698 1513 2761 ur-

385 2808 535 2871 aorarum
564 2799 788 2877 descripserunt
817 2802 847 2862 in
874 2802 996 2864 sormam
1017 2801 1138 2864 litterae
1162 2798 1192 2861 θ
1213 2803 1246 2861 et
1265 2802 1295 2863 ln
1315 2798 1515 2879 lineamentis,

438 2918 516 2984 quae
545 2918 601 2980 per
629 2900 780 2963 circuitum
809 2900 940 2965 ambiunt
959 2903 1105 2980 litteram,
1135 2900 1258 2963 iormom
1279 2901 1414 2963 referunt
1435 2917 1515 2961 oee-

436 3004 487 3066 oni
501 3020 588 3085 quen
602 3005 685 3066 recte
700 3001 846 3083 ζωστῆρα
868 3007 926 3066 τοῦ
947 2998 1069 3082 κόσμου
1082 3003 1234 3084 dixerunt,
1248 3003 1281 3066 et
1296 2999 1431 3082 Cyrllius
1446 3019 1514 3065 aar

309 3147 319 3171 .,
436 3106 498 3169 ait:
515 3100 684 3181 Ὠκεανὸς,
709 3091 736 3189 ᾦ
757 3108 845 3167 πᾶσα
866 3102 1050 3185 ceninenses
1069 3101 1223 3168 dediderat
1241 3100 1346 3184 χθών.
1396 3104 1430 3167 lu
1443 3122 1512 3172 ne-

436 3209 485 3270 dia
513 3211 610 3270 autem
635 3208 722 3285 parte
752 3205 830 3269 linea
859 3200 935 3287 quae
965 3205 1140 3287 deducitur,
1162 3205 1345 3270 Atlanticum
1367 3224 1512 3291 oceanum
1606 3250 1608 3268 .

384 3313 531 3382 25iertur
559 3309 775 3385 transmittere,
811 3308 890 3388 quod
925 3326 1007 3371 mare
1045 3310 1173 3371 traditur
1200 3310 1366 3371 subiectum
1396 3307 1511 3388 plagae
1606 3327 1608 3334 '

435 3408 660 3492 aequinoctiali,
684 3412 715 3471 et
736 3410 781 3470 sic
802 3409 916 3473 diuisas
939 3428 1011 3474 esse
1041 3408 1116 3471 duas
1138 3413 1244 3488 partes
1259 3411 1365 3490 ‚oriris‚
1388 3429 1510 3492 quartur

434 3531 496 3576 nos·
512 3499 677 3573 iralritcmus
698 3528 762 3573 eam
784 3530 860 3593 quae
882 3512 924 3573 sit
946 3510 984 3573 ab
1007 3511 1124 3573 oriente
1145 3509 1311 3591 dexterior,
1334 3515 1510 3593 utqueesse

435 3613 615 3692 uerisimile,
640 3615 672 3675 ut
692 3614 848 3675 aduersam
870 3613 935 3693 pari
959 3615 1056 3674 tractu
1078 3610 1205 3673 solidam
1226 3629 1309 3689 gens
1329 3613 1388 3675 alia
1410 3612 1509 3676 bomi-

433 3726 500 3775 num
522 3712 679 3775 luirabiiet.
719 3714 754 3774 Si
767 3716 873 3777 'tamen
897 3710 1021 3775 nolimus
1042 3730 1156 3775 omnem
1179 3714 1365 3790 diligentiora
1387 3717 1417 3777 io
1433 3732 1507 3779 exa·

383 3806 426 3882 20
434 3812 578 3877 minaciis
609 3810 731 3875 Homeri
759 3814 937 3879 carminibus
966 3810 1128 3895 adiriliere,
1156 3814 1300 3879 fortassis
1324 3816 1366 3879 toi
1388 3826 1509 3899 quoquc
1566 3845 1570 3851 ·

469 3980 495 4033 1.
521 3974 717 4029 condixissent
740 3982 768 4027 P.
842 3979 867 4031 d.
894 3981 1002 4036 diuersi
1027 3990 1059 4036 Ρ.
1137 3982 1223 4051 plaga
1244 3984 1284 4046 E,
1317 3981 1420 4050 plegae
1446 3986 1509 4037 VP-

469 4064 494 4116 1.
513 4078 592 4129 yson.
619 4057 678 4112 dix.
705 4076 760 4113 om.
784 4061 815 4112 r'n
838 4054 953 4137 lacuna,
968 4072 997 4117 P.
1067 4080 1149 4133 quam
1168 4082 1225 4118 om.
1247 4068 1282 4116 V.
1352 4066 1379 4117 7.
1401 4063 1509 4126 Quinto

433 4164 485 4219 per
504 4144 584 4199 idioo
608 4144 645 4197 V.
721 4146 746 4197 8.
772 4144 829 4197 mit
851 4147 888 4199 V·
964 4150 1007 4200 iu.
1026 4148 1115 4201 relusi
1136 4150 1170 4198 V.
1248 4148 1293 4198 17.
1313 4148 1426 4201 Graeca
1441 4148 1510 4204 dedi

434 4250 474 4286 rx
489 4236 528 4284 Er
552 4229 660 4283 lacuna
678 4229 709 4281 r'rr
725 4233 785 4282 Vir.
853 4228 1016 4300 ἰοπεῑρηντο
1033 4229 1136 4283 Scholl·
1156 4234 1255 4283 Venet.
1272 4230 1306 4282 il.
1323 4240 1350 4284 Σ
1365 4233 1429 4286 did:
1448 4240 1509 4287 nri·

433 4322 523 4392 ρηνθο
548 4318 582 4367 Ε.
660 4316 703 4367 18.
728 4314 850 4367 Κοᾰνοιο
874 4326 930 4364 orn.
954 4315 994 4365 E:
1023 4310 1064 4383 cf.
1087 4314 1263 4387 Bernhardy
1292 4321 1373 4369 Erat.
1390 4336 1421 4392 p.
1444 4319 1505 4370 tii.

466 4401 509 4451 11.
537 4414 609 4466 quae
623 4428 657 4441 -
675 4398 803 4452 referunt
821 4414 877 4451 om.
896 4401 933 4449 V.
1001 4400 1045 4452 22.
1064 4405 1179 4453 montera
1197 4408 1228 4453 tu
1243 4417 1341 4455 eosnru
1360 4408 1389 4455 Ρ.
1460 4401 1503 4469 et]

434 4486 520 4539 etiarn
539 4486 581 4537 Vr
591 4481 723 4553 Jorlmsse
740 4490 780 4535 ut.
856 4482 899 4534 13.
928 4480 1043 4562 Grneca
1060 4482 1128 4537 deda·
1146 4500 1186 4537 ex
1207 4490 1246 4538 E:
1273 4487 1380 4541 incurro
1397 4488 1429 4538 s'rr
1451 4490 1506 4540 VP.
1574 4535 1578 4540 .

467 4567 578 4620 lodices
595 4572 710 4637 ᾳὶχθιον
727 4570 762 4621 Ε.
830 4567 873 4619 26.
893 4569 983 4635 partis
1000 4570 1036 4619 V.
1103 4572 1146 4620 27.
1165 4574 1295 4624 exterior
1308 4577 1335 4625 Ρ.
1404 4570 1507 4624 tend·

435 4666 521 4711 uersu
541 4666 620 4705 suurn
639 4655 698 4718 ΓΡ,
720 4653 842 4706 aduersu
861 4653 892 4703 in
909 4662 966 4705 tnui
984 4655 1018 4703 Ε.
1086 4652 1130 4706 tt.
1149 4653 1257 4723 tamen]
1275 4663 1335 4709 tum
1354 4658 1390 4710 V.
