3534 5450
608 693 1056 756 ,--89-’

279 864 494 926 liberationem.
551 861 758 943 Flammaeque
784 863 931 926 recedunt
965 863 1002 924 ad
1031 863 1061 925 id
1089 864 1237 940 retertur,
1273 865 1371 945 quod.

283 963 408 1028 Tenent
428 965 432 1046 Ι
451 965 549 1028 Danai
571 983 629 1045 qua
651 963 751 1030 deficit
773 965 864 1044 ignis.
916 962 980 1026 Sed
1008 983 1073 1026 oum
1096 965 1356 1046 [epichiirlrematc

279 1067 338 1131 boc
357 1070 465 1131 dietum
489 1071 553 1146 est,
584 1070 617 1127 ot
639 1065 749 1129 Veneri
778 1065 1011 1146 obtempe[rent]
1034 1066 1166 1130 dammae
1189 1069 1358 1150 obsequen·

279 1182 330 1232 tea
351 1169 453 1251 deae,
473 1167 479 1254 Ι
498 1173 530 1232 et
550 1171 593 1230 ita
614 1169 702 1231 antea
724 1167 888 1248 spopondit
906 1167 966 1228 fillo
981 1170 1183 1248 securitatem,
1205 1167 1356 1251 Nusquam

279 1273 416 1352 alermi
1362 1273 1385 1336 5

190 1375 272 1438 10d
344 1375 418 1438 63².
461 1372 591 1452 Legitur
613 1375 644 1433 et
667 1367 760 1452 demi

163 1477 272 1539 ansa
341 1479 413 1542 649.
435 1476 452 1517 *
476 1477 558 1538 cuius
580 1475 624 1536 rei
647 1473 804 1550 Vergilius
832 1475 932 1534 sciens
955 1472 1048 1536 uoluit
1073 1473 1181 1534 seriem
1202 1417 1273 1534 laeli
1294 1473 1354 1534 bu-

278 1580 325 1642 ius
348 1579 512 1642 euoluere.
550 1577 690 1656 Epicurei
718 1579 816 1638 autem
845 1577 1056 1654 detractant,
1085 1579 1117 1637 ut
1139 1579 1232 1653 poeto
1254 1576 1355 1638 elocu-

279 1681 330 1740 tua
352 1683 417 1759 esi,
441 1679 445 1760 Ι
471 1681 680 1760 uentumque
672 1696 790 1756 rgneom
817 1677 926 1740 fulmen
956 1680 1062 1741 uocant
1084 1698 1120 1742 ae
1142 1678 1270 1740 nubibus
1293 1697 1354 1741 ex-

279 1782 338 1845 cuti
362 1783 461 1862 alent,
483 1784 560 1856 sient
582 1786 613 1843 et
634 1781 791 1844 Lucretius
812 1781 914 1842 trudit.
933 1775 939 1862 Ι
1366 1783 1407 1848 tu

343 1885 418 1946 657.
476 1883 548 1947 bien
585 1885 691 1946 eilerre
729 1881 834 1964 pedem
869 1881 1007 1958 genitor:
1037 1901 1094 1944 non
1118 1884 1183 1945 sine
1205 1884 1237 1944 te
1258 1899 1355 1965 neque

283 2015 473 2028 —-—--
497 2017 686 2029 ----
725 1984 731 2061 Ι
759 1987 790 2042 et
821 2000 921 2042 amans
950 2014 1138 2028 ---
1169 1984 1269 2044 letalis
1298 1984 1355 2044 sed

251 2083 369 2170 5teptio
381 2116 568 2131 ---
582 2083 756 2163 inprobetur
770 2086 896 2145 euentus
915 2080 921 2163 Ι
943 2115 1125 2126 ---

279 2218 470 2233 ---
490 2189 522 2247 et
544 2185 617 2246 illud
640 2185 677 2246 de
698 2185 825 2247 Aeneae
847 2187 964 2266 pietate
984 2184 991 2261 Ι
1009 2184 1042 2243 ut
1063 2180 1151 2244 nollit
1173 2184 1263 2245 etlam
1286 2183 1354 2263 ipse

280 2285 455 2365 discedere,
479 2289 505 2349 si
527 2289 615 2367 pater
639 2287 789 2350 detrectet
812 2288 952 2349 euuadere.
975 2286 989 2360 ΙΙ
1364 2298 1405 2362 15

134 2389 187 2453 ns
213 2387 272 2453 *a
317 2390 414 2452 4668.
439 2384 463 2434 *
490 2390 572 2451 οιίιι
601 2391 748 2468 instiget:
777 2389 963 2452 subdendum
993 2389 1042 2446 est
1064 2390 1174 2464 armet,
1204 2387 1302 2468 adque
1324 2389 1356 2449 id

278 2488 321 2549 ita
343 2488 469 2569 dupilcis
492 2507 600 2551 causae
622 2493 699 2551 ratio
721 2492 869 2570 deposcit,
890 2491 965 2551 utet
986 2505 1041 2564 pro
1058 2487 1274 2548 consuetudine
1296 2488 1354 2550 lno-

279 2591 385 2653 nrinunr
415 2586 419 2672 Ι
444 2609 544 2652 eorum
574 2593 622 2671 qui
645 2599 792 2654 inurantur
823 2591 949 2655 tarditas
971 2589 1141 2668 increpetur
1163 2591 1193 2649 et
1216 2588 1253 2649 ad
1276 2591 1356 2651 inol-

280 2690 356 2753 diam
379 2683 529 2771 pertineat
555 2691 727 2774 Anchisae,
759 2695 806 2775 qui
835 2693 924 2754 filium
953 2689 1122 2768 conpulerit
1150 2689 1338 2773 periclitari!

703 2801 831 2860 armatus
858 2798 984 2857 Aeneas
1006 2798 1076 2855 ante
1099 2812 1180 2855 arum
1201 2794 1405 2873 teioilerii,2o

279 2894 333 2955 sed
356 2893 536 2959 Graecorum
558 2895 698 2959 babebat.
716 2894 722 2980 Ι

342 2998 416 3073 664.
459 2995 534 3057 Hoc
565 3009 639 3059 erut
666 2997 759 3060 almo
783 3019 909 3082 parens.
954 2996 1125 3060 Scandendi
1149 2997 1354 3061 difficultatem

279 3098 392 3175 primae
414 3096 550 3176 syllabae
572 3100 705 3160 breulius
727 3101 817 3181 lacit,
839 3102 897 3163 nisi
921 3117 962 3159 .o.
984 3099 1116 3161 uocalem
1137 3104 1188 3160 not
1201 3101 1268 3162 finis
1283 3121 1354 3181 par-

248 3200 319 3269 5tis
341 3200 486 3261 orationis
505 3195 511 3282 Ι
530 3196 586 3261 bio
603 3200 737 3277 longum
757 3199 867 3283 faciet
889 3204 939 3263 aut
961 3218 999 3262 .c.
1023 3203 1213 3264 consonantis
1234 3201 1352 3264 litterae

217 3346 222 3355 .
279 3303 481 3379 geminatio,
509 3320 594 3380 quoe
624 3303 691 3364 donn
723 3304 751 3364 in
783 3308 908 3385 utraque
938 3302 1058 3381 syllaba
1087 3322 1188 3364 sonum
1210 3308 1407 3384 praestat‚25

279 3421 334 3484 pro
364 3404 475 3465 duabus
503 3405 604 3483 posita
631 3400 635 3487 Ι
659 3403 772 3465 uidere·
795 3415 922 3485 potest,
959 3406 1085 3468 utillud
1114 3404 1286 3492 Mezentius
1309 3406 1356 3468 iric

281 3502 364 3587 esti

250 3611 271 3672 b
345 3606 420 3669 670.
461 3598 648 3687 Numquam
669 3625 778 3667 ommes
799 3605 902 3669 hodie.
946 3605 999 3667 Sic
1021 3607 1050 3667 in
1071 3605 1237 3686 Bucolicis,
1260 3607 1356 3668 Num-

281 3725 367 3789 quam
396 3704 486 3766 bodie
518 3709 666 3785 effugies:
696 3706 821 3770 Plautus
852 3711 881 3772 ln
911 3706 1042 3785 Colace,
1072 3708 1107 3770 Si
1136 3728 1181 3770 nne
1210 3713 1242 3770 tu
1264 3710 1355 3773 hodie

283 3808 456 3871 inuitauerls
489 3827 650 3889 numquam
680 3813 834 3891 quicquam
861 3812 867 3892 Ι
893 3846 936 3855 -
958 3809 1087 3871 Titinius
1111 3812 1140 3872 in
1173 3810 1411 3893 iurisperlta,30

281 3911 484 3991 Numquamne
507 3908 575 3970 nribi
598 3910 702 3971 iicebit
724 3910 812 3974 hodie
836 3912 956 3977 dicere:
980 3909 1055 3973 Cato
1078 3914 1108 3974 in
1122 3915 1258 3975 contione
1280 3913 1358 3994 Api·

282 4014 427 4089 censium,
452 4008 568 4071 Bellum
596 4013 719 4073 lecimus
747 4011 752 4091 Ι
778 4052 820 4063 -
843 4015 898 4074 tris
931 4012 1012 4072 missi
1036 4013 1195 4093 ad[uersus
1217 4046 1261 4057 -
1281 4035 1359 4095 quos

283 4148 325 4157 -
347 4129 498 4175 censorem
521 4112 668 4175 habuistis
692 4112 801 4197 neque]
827 4149 865 4161 -
891 4116 952 4194 opii
973 4119 1098 4195 pectore
1121 4118 1293 4181 adsecutos.
1312 4115 1320 4196 Ι

234 4216 276 4279 ¹0
345 4214 420 4277 673.
478 4215 560 4276 Ecce
592 4227 702 4279 autem
736 4216 899 4299 complexa
926 4216 1040 4295 pedes,
1071 4220 1178 4295 σχῆμα
1207 4213 1358 4287 διανοίας.

318 4399 344 4449 ι.
362 4400 398 4451 A.
417 4398 444 4460 a,
463 4396 524 4449 ιιι.
591 4394 616 4450 o.
635 4403 672 4450 A.
693 4400 720 4464 a,
738 4398 801 4453 uno.
869 4400 931 4466 ms,
949 4399 975 4449 1.
995 4399 1175 4451 corucem...
1244 4400 1362 4468 Epicuri

138 4472 139 4477 ¹
284 4486 377 4535 codex.
466 4482 493 4533 ².
519 4483 622 4535 Luem.
645 4481 676 4546 6,
701 4483 752 4535 ibt
770 4506 823 4553 sqq.
895 4482 962 4546 ate,
980 4482 1006 4533 5.
1025 4483 1182 4549 geminatio
1202 4482 1289 4553 quae]
1312 4490 1362 4537 aaut

285 4564 430 4635 (gleni...
450 4568 558 4629 Maius,
578 4570 642 4619 milri
659 4568 725 4620 mitit
742 4572 808 4620 rotis
827 4581 894 4621 cerie
912 4570 1044 4640 apparuit.
1114 4566 1201 4631 tw,
1224 4569 1250 4622 6.
1268 4574 1307 4623 A.
1317 4571 1363 4634 11,

286 4650 329 4705 10.
399 4652 427 4704 7.
445 4651 479 4702 E.
499 4650 526 4719 3,
545 4650 588 4705 49.
657 4653 682 4705 8.
702 4652 881 4719 Epirensittm
906 4655 1083 4707 econr'ectura
1103 4656 1173 4705 dedit
1191 4656 1293 4707 Maius.
