3534 5450
861 697 1070 760 ..16-

429 861 556 926 tielmut:
595 865 696 943 ignem
731 865 923 928 extrinsecus
958 863 1164 928 adhibebimus
1201 864 1229 926 ln
1258 864 1326 942 ipso
1355 861 1499 926 Vuleauu.

429 964 573 1031 Similiter
594 969 626 1030 et
646 965 759 1026 liumus
780 966 809 1026 in
831 964 943 1028 llladea
965 965 1057 1030 exule
1080 967 1110 1030 iu
1131 965 1179 1028 luis
1200 965 1354 1029 uersihuaa

470 1066 605 1148 luppiter
627 1071 718 1149 tuque
738 1065 815 1128 adeo
837 1084 948 1130 summe
970 1067 1044 1147 Sel,
1066 1068 1116 1149 qui
1137 1069 1306 1130 enatares
1327 1065 1459 1145 inspicis,

471 1169 578 1250 quique
600 1168 707 1230 lumine
729 1170 780 1230 tuo
801 1169 893 1231 maria
914 1172 1022 1235 terram
1043 1169 1156 1232 eaelum
1179 1171 1325 1246 mutuos,

398 1265 421 1328 5
471 1271 586 1352 iuspieo
607 1269 666 1334 hou
687 1271 819 1336 lacinus:
842 1271 1012 1353 priusquam
1034 1270 1103 1350 liat,
1126 1269 1314 1350 prohihessis
1336 1267 1449 1330 aeolus.

428 1371 503 1434 Nam
524 1375 556 1436 et
577 1371 626 1434 hie
645 1371 781 1452 luppiter
802 1373 834 1434 et
854 1371 910 1437 Sol
933 1391 990 1452 pro
1012 1372 1092 1452 igni,
1114 1373 1163 1453 qui
1184 1389 1264 1434 mare
1286 1371 1318 1432 ot
1339 1372 1448 1432 terram
1469 1373 1501 1432 et

428 1471 540 1540 oretum
568 1475 717 1554 eontinet,
747 1477 780 1536 ut
807 1491 865 1536 non
886 1475 977 1537 dohie
1000 1473 1113 1540 erolum
1131 1491 1187 1553 pro
1209 1490 1281 1534 rere
1303 1472 1431 1549 dixerit,
1459 1471 1499 1534 ita

428 1577 461 1636 ut
483 1573 658 1654 Vergilius:

579 1673 742 1753 Daedalus,
765 1679 798 1738 at
820 1677 907 1754 tanna,
930 1680 986 1738 est¹
1000 1677 1122 1756 lugiens
1143 1675 1255 1738 hliuola
1276 1691 1380 1755 regna
1422 1672 1424 1677 ’

379 1765 421 1831 10
573 1777 766 1856 praepetibus
788 1779 897 1856 pennis
916 1795 1006 1838 ausus
1026 1797 1062 1838 se
1085 1777 1209 1840 credere
1231 1775 1325 1838 caelo.

428 1875 504 1936 Nam
531 1876 692 1940 Daedalum
725 1876 874 1941 uolantem
903 1897 957 1939 aer
985 1879 1141 1957 sustinuit,
1175 1879 1256 1958 iguis
1283 1874 1432 1957 prodidit,
1466 1877 1498 1936 nt

427 1974 551 2039 icarum.
594 1979 634 2040 Iit
655 1979 684 2040 iu
706 1978 827 2041 eodem:

769 2080 912 2145 Geminae
932 2101 997 2144 oum
1019 2083 1098 2145 torte
1120 2078 1271 2144 columhae

630 2183 698 2261 ipsa
720 2184 775 2244 suh
798 2201 849 2244 ora
871 2185 926 2245 uiri
949 2183 1033 2247 eaelo
1055 2202 1167 2246 uenere
1190 2178 1339 2244 uolantes.
1363 2218 1366 2222 -

380 2283 421 2348 15
430 2283 505 2344 Nam
528 2286 560 2345 et
581 2283 817 2346 ruiumuolatus
838 2284 867 2345 in
889 2303 971 2348 aere.
1015 2285 1173 2347 Lueretius
1202 2278 1404 2358 manifestius,
1435 2297 1498 2340 eum

430 2381 490 2446 ait:
512 2381 546 2444 lu
571 2382 627 2444 hoe
650 2384 745 2464 eaelo,
769 2385 951 2466 qul.dieitur
972 2406 1036 2449 aer.
1080 2385 1250 2470 Quanquam
1269 2385 1349 2466 quood
1372 2383 1409 2444 ad
1430 2383 1498 2444 Ho-

429 2486 501 2546 meri
524 2501 628 2548 uersus
648 2485 779 2567 pertinet
806 2481 909 2565 η’άλιον
937 2484 966 2550 τ’
991 2483 1157 2567 ἀκάμαντα
1183 2487 1286 2565 ignem
1307 2485 1425 2568 quidam
1441 2502 1495 2545 ue-

428 2584 484 2648 lint
504 2587 685 2668 significari,
714 2589 849 2670 quoniam
870 2586 917 2649 sol
938 2587 1010 2650 nihil
1032 2589 1113 2651 allud
1136 2605 1205 2652 esse
1232 2589 1383 2666 uideatur,
1413 2603 1498 2669 quam
1607 2662 1609 2671 ρ

428 2687 525 2751 lumen
545 2690 609 2768 igni
632 2691 818 2771 permixtum.
862 2690 929 2752 Huc
958 2692 990 2753 et
1009 2687 1217 2769 Anaxagorae
1236 2688 1428 2754 Clazomenio
1450 2687 1498 2748 ui-
1607 2676 1609 2695 '

377 2784 494 2854 nisum
516 2789 660 2854 Socrates
679 2790 888 2872 reprehendit,
915 2796 948 2853 ut
968 2790 1137 2872 Xenophon
1158 2794 1187 2853 in
1216 2794 1322 2871 quarto
1338 2786 1499 2867 Ἀπομνη-

428 2887 632 2969 μονευμάτων
663 2895 708 2955 sie
734 2894 845 2955 refert:
873 2891 1067 2955 κινδυνεῦσαι
1096 2890 1126 2953 d’
1157 2888 1196 2955 ilo
1224 2887 1284 2972 ἔφη
1312 2888 1362 2951 καὶ
1392 2909 1498 2970 παρα-

430 2993 587 3074 φρονῆσαι
609 2990 664 3055 τὸν
678 2997 779 3056 ταῦτα
793 2996 992 3075 μεριμνῶντα
1014 2989 1104 3055 οὐδὲν
1125 2982 1232 3074 ἧττον,
1251 2982 1498 3073 ἢἍναξαγάρας

319 3174 324 3181 Ι
430 3086 682 3174 παρεφρόνησεν,
715 3088 731 3155 ὅ
751 3090 898 3174 μέγιστον
920 3088 1082 3177 φρονήσας
1103 3092 1152 3155 ἐπὶ
1175 3097 1221 3179 τῷ
1242 3089 1300 3165 τάς
1326 3093 1391 3153 τῶν
1410 3091 1497 3151 θεῶν

428 3189 574 3273 μηχανάς
600 3190 787 3275 ἐξηγεῖσθαι.
825 3190 961 3267 Ἐκεῖνος
989 3189 1053 3277 γὰρ
1076 3192 1172 3275 λέγων
1197 3192 1256 3274 μὲν
1277 3189 1315 3255 τὸ
1336 3185 1416 3251 αὐτὸ
1434 3189 1497 3269 πάρ

377 3290 463 3357 25η
484 3291 535 3355 καὶ
556 3289 646 3375 ἥλιον
666 3288 785 3375 ἠγνόει,
814 3288 858 3367 ὥς
884 3292 921 3356 τὸ
949 3292 1008 3374 μὲν
1031 3300 1094 3379 πάρ
1116 3291 1280 3378 ἅνθρωποι
1303 3289 1418 3379 ῥᾳδίως
1437 3310 1497 3349 ²⁰·

323 3472 328 3483 ι
427 3395 587 3475 θυρῶσιν,
622 3394 665 3469 εἷς
695 3394 729 3457 δὲ
756 3392 811 3458 τὸν
840 3392 928 3477 ἥλιον
957 3392 994 3456 οὐ
1022 3390 1171 3458 δύνανται
1199 3392 1391 3475 ἀντιβλέπειν
1398 3438 1408 3468 ,
1444 3387 1497 3451 καὶ

427 3488 488 3557 hod
508 3493 566 3575 μὲν
587 3499 644 3558 τοῦ
670 3491 760 3578 ἡλίου
781 3494 1056 3575 καταλαμπόμενοι
1085 3495 1125 3558 τὰ
1148 3492 1305 3579 χρώματα
1324 3492 1499 3575 μελάντερα

427 3592 549 3677 ’ἔχουσιν
574 3592 637 3661 ὕπὸ
665 3597 699 3660 dt
725 3602 782 3660 τοῦ
811 3593 910 3680 πυρὸς
931 3592 979 3657 σά·
1009 3591 1110 3679 ἠγνόει
1139 3592 1185 3674 δ’,
1216 3594 1264 3659 ὅτι
1291 3594 1342 3657 καὶ
1372 3596 1434 3654 τῶν
1463 3590 1498 3653 ἐκ

426 3700 485 3777 τῆς
505 3703 564 3778 γῆς
585 3696 747 3779 φυομένων
769 3695 842 3760 άνεν
867 3694 926 3777 μὲν
948 3700 1004 3758 τοῦ
1024 3693 1114 3779 ἡλίου
1136 3693 1234 3779 αι’)γῆς
1255 3694 1344 3763 οὐδὲν
1367 3693 1499 3755 δύναται

375 3792 532 3868 wealde
559 3791 730 3875 αὔξεσθαι,
770 3792 830 3859 ὑπὸ
861 3796 895 3859 dd
922 3801 978 3860 τοῦ
1007 3796 1106 3881 πυρὸς
1132 3793 1365 3880 θερμαινόμενα
1392 3788 1499 3855 πάντα

427 3890 609 3959 oino'hivrou·
633 3892 762 3980 φάσκων
787 3895 821 3958 δέ
843 3894 898 3959 τὸν
919 3894 1008 3979 ἣλιον
1028 3897 1122 3962 λίθον
1144 3891 1295 3982 διάπυρον
1323 3888 1416 3971 εἶναι,
1442 3890 1498 3953 καὶ

1418 4011 1499 4053 τοο-

494 4136 519 4191 3.
538 4152 586 4190 rea
604 4134 696 4189 omnis
713 4136 826 4199 (omnes
844 4135 879 4196 Ρ)
900 4137 981 4187 VPE.
1051 4133 1076 4184 1.
1097 4138 1148 4183 tuo
1166 4128 1273 4181 lumine
1288 4128 1369 4180 Vre.
1437 4137 1499 4176 ma·

425 4238 456 4275 re
476 4225 557 4276 Vre.
626 4222 652 4273 5.
670 4218 791 4272 iacimus
810 4222 845 4271 V.
904 4222 937 4272 lit
960 4220 1041 4273 VPE.
1094 4213 1261 4283 prohibente
1275 4215 1308 4280 V,
1328 4207 1498 4277 prohibesae

426 4314 455 4360 et
471 4313 494 4357 Ρ
510 4304 691 4374 (prohibeare
710 4320 773 4358 esee
789 4304 922 4368 Bathea),
941 4300 1061 4372 prohibe
1072 4302 1104 4352 Ε.
1167 4298 1193 4351 6.
1211 4298 1269 4349 lam
1282 4298 1361 4350 VPE.
1416 4304 1498 4347 maro

421 4398 529 4444 terram
547 4397 578 4443 Ρ.
647 4395 673 4444 7.
691 4397 723 4444 ut
742 4408 797 4442 om.
817 4393 899 4443 VPE.
960 4387 1075 4440 dubium
1092 4390 1122 4434 Ρ.
1183 4385 1228 4434 10.
1247 4397 1332 4435 ausus
1351 4386 1396 4433 eat
1412 4378 1496 4433 συγ.

457 4475 501 4527 da.
531 4474 709 4528 manifestius
739 4475 892 4531 Lucretius
920 4473 1037 4524 eum'l’.
1114 4468 1158 4522 td.
1185 4468 1352 4537 Quanquam
1382 4478 1437 4515 om.
1463 4467 1495 4511 Ρ.

359 4540 362 4551 ’
457 4561 500 4612 18.
518 4559 686 4612 credaturP.
741 4562 783 4612 2⁰.
802 4554 1112 4625 Ἀπομνημονευμάτων
1128 4552 1304 4621 -άιαμένει
1319 4545 1386 4603 deda
1401 4561 1441 4601 ex
1455 4546 1497 4596 Er

422 4646 528 4699 lacuna
546 4646 577 4696 ιἰι
598 4648 654 4697 VP.
708 4645 767 4701 dl.
785 4644 868 4695 ild-ou
887 4656 942 4693 om.
960 4642 995 4689 Ε.
