3534 5450
152 834 157 842 ⁷
263 857 425 937 scripserat
445 856 603 918 tribuenda
624 858 707 938 eret,
735 819 793 920 non
816 856 930 919 addidi.
979 856 1024 917 lia
1045 858 1142 919 antem
1163 874 1239 938 puae
1261 873 1332 918 eor-

258 961 365 1038 ruptn,
389 963 420 1025 ut
443 959 472 1020 in
494 955 616 1021 schedis
639 957 799 1039 legebam,
825 956 1021 1040 relinquentia
1046 961 1133 1024 eraut
1152 960 1260 1038 partim
1282 959 1332 1021 11-

261 1077 349 1122 uersn
385 1057 550 1124 litterarum
582 1077 699 1140 genere
734 1061 874 1139 distinxi,
912 1061 1018 1139 partim
1049 1060 1079 1122 in
1113 1059 1332 1124 adnotationem

258 1161 413 1325 reieci'De
437 1263 512 1343 ipsis
534 1263 631 1326 autem
654 1264 832 1344 fragmentis
856 1280 921 1326 oum
941 1279 1079 1343 magnam
1094 1262 1263 1344 opinionem
1275 1280 1331 1325 ex·

148 1403 149 1406 =
258 1363 366 1427 uitaret
394 1361 487 1446 Aspri
517 1381 623 1427 nomen
651 1365 782 1444 singuiis
805 1364 927 1430 seireriis
956 1362 1000 1425 ita
1025 1364 1060 1424 ut
1078 1363 1222 1442 express!
1242 1379 1331 1444 prae·

206 1489 208 1492 ·
256 1462 363 1544 tirum,
384 1465 541 1528 uerborum
563 1469 768 1544 argumentum
796 1483 981 1546 magnopere
1009 1463 1121 1529 ieieiiit
1142 1463 1332 1545 exspectati-

258 1581 354 1626 unem.
395 1565 545 1649 Exempla
567 1568 644 1630 enim
666 1568 843 1631 elocutionis
871 1565 1071 1647 Vergilianae
1101 1567 1172 1628 sunt
1192 1583 1211 1626 a
1232 1563 1331 1627 solitis

257 1665 331 1727 artis
352 1669 568 1746 grammaticae
590 1669 729 1751 iegibus,
759 1672 792 1733 ut
812 1669 931 1751 quidem
950 1668 994 1730 illi
1016 1667 1192 1747 sinebatur,
1221 1666 1332 1745 aiiena,

257 1783 352 1851 eaque
380 1772 439 1833 iam
465 1771 688 1836 inconsiderate
716 1771 900 1852 eomposita,
922 1774 956 1834 ut
976 1771 1088 1834 nniiam
1114 1769 1154 1831 ari
1178 1770 1332 1849 interpre-

257 1857 399 1934 tationem
428 1871 560 1955 Vergilii
589 1875 745 1938 utilitatem
772 1873 913 1936 habeant
956 1872 1046 1934 111111
1073 1871 1171 1949 igitur
1191 1889 1251 1934 non
1272 1873 1331 1935 tam

255 1975 379 2052 propter
401 1991 500 2036 rernm
522 1977 722 2054 grauitatem,
745 1992 831 2054 qnam
851 1975 976 2053 prepter
997 1971 1093 2051 Aspri
1108 1989 1224 2034 nomen.
1255 1972 1332 2034 Nam

255 2071 293 2132 ad
322 2069 475 2136 Aemiiiarn
505 2073 649 2155 Asprum,
678 2073 828 2138 celebrem
858 2071 989 2150 Vergilii
1010 2073 1223 2156 interpretem,
1253 2073 1331 2135 naeu

256 2174 412 2252 pertinere
433 2175 576 2254 irinprimlo
598 2175 760 2240 ostendunt
781 2192 817 2238 ea
840 2192 916 2258 quae
937 2193 970 2254 p.
994 2173 1075 2253 iia,
1096 2174 1119 2238 8
1140 2172 1178 2234 de
1200 2170 1281 2235 Aen.
1297 2174 1330 2254 9,
1373 2222 1380 2241 r

255 2274 321 2338 359
351 2275 537 2342 dictasunt:
569 2278 674 2341 eadem
697 2279 773 2341 enlm
794 2277 912 2341 ratione
934 2277 964 2338 in
992 2272 1116 2337 seiroiiis
1137 2272 1327 2338 Veronensi·
1441 2309 1445 2316 ·

253 2377 310 2437 ltus
332 2395 363 2458 p·
388 2377 468 2460 10⁰,
490 2381 534 2446 20
554 2398 620 2462 sqq.
641 2379 815 2462 praeposito
837 2375 933 2459 Aspri
956 2377 1073 2440 nemine
1093 2393 1201 2439 uersus
1222 2376 1323 2456 expii·

254 2485 348 2540 eatur.
390 2477 465 2542 Item
488 2499 564 2561 quae
594 2482 632 2542 (ie
653 2481 824 2545 aecusatiuo
853 2495 925 2541 eaeu
946 2496 1012 2540 eum
1033 2477 1136 2540 ueritis
1157 2477 1324 2542 intransiti-

254 2579 300 2639 uis
322 2580 423 2642 iuneto
445 2582 600 2643 narrantur
621 2599 653 2659 p.
676 2581 749 2659 114,
773 2580 815 2643 in
834 2595 903 2660 sqq.
924 2577 1060 2639 similiter
1073 2577 1217 2654 leguntur
1231 2576 1328 2642 seint.

257 2676 371 2741 Veron.
393 2698 425 2761 p.
447 2679 501 2760 73,
523 2682 545 2744 8
572 2683 605 2743 et
626 2697 702 2763 quae
724 2680 763 2743 oe
786 2695 970 2742 numerorum
990 2696 1045 2739 usu
1075 2678 1169 2741 minus
1189 2682 1329 2744 aonuratu

253 2781 323 2845 item
352 2780 449 2844 schol.
473 2783 583 2845 Veron.
614 2802 646 2868 p.
670 2782 743 2863 104,
765 2781 815 2846 13.
868 2780 976 2863 ltaque
996 2782 1201 2862 quaestionum
1222 2798 1329 2862 gram

147 2898 148 2903 ¹
252 2881 422 2945 oratioarum
455 2884 603 2965 specimen
625 2882 766 2946 hahemus
795 2882 882 2946 futile
904 2882 1039 2964 quidem,
1070 2882 1126 2973 seri
1147 2883 1224 2945 idem
1245 2885 1327 2947 anti-

147 3040 148 3043 ,
253 3002 340 3064 quum
364 2988 396 3046 et
417 2987 496 3067 qnod
518 2985 657 3067 exemplo
676 2986 945 3069 antiquissimorum
968 2984 1223 3064 grammatioorum
1245 3004 1326 3050 eom-

147 3076 148 3083 '
251 3086 399 3149 rnenianrii
421 3105 520 3165 genus
550 3088 744 3153 demonstret.
