3534 5450
724 751 915 816 ..5-

285 909 469 989 disputasse.
514 909 653 990 Vergilio
675 913 758 1004 tapto
781 919 890 998 iactum
913 939 990 1001 opus
1019 925 1130 1006 maius,
1162 935 1272 1012 quanto
1300 951 1357 998 una

284 1011 389 1092 lingua
409 1013 535 1096 loquens
558 1032 664 1076 sensus
685 1018 813 1082 rusticos
836 1023 941 1102 aptare
965 1023 1130 1092 elaborauit
1157 1032 1222 1094 siue
1246 1051 1355 1115 repro-

284 1111 428 1176 honsione
449 1117 603 1178 sermonls.
645 1116 723 1180 Sunt
746 1121 891 1202 quaedam
920 1127 1059 1205 propria,
1089 1126 1211 1194 berolco
1237 1135 1357 1197 carmini

284 1215 435 1294 sublimia,
462 1215 518 1278 scd
541 1218 570 1280 in
591 1219 728 1282 bucolico
751 1219 884 1302 humilia,
916 1243 992 1304 quae
1019 1229 1090 1307 epte
1112 1231 1251 1296 diuisisse
1274 1235 1356 1298 Ver·
1390 1299 1399 1325 x
1465 1241 1468 1248 '

283 1317 377 1395 gilius
406 1321 526 1396 notatus
557 1322 615 1381 est.
667 1323 741 1383 Nam
770 1339 833 1384 cnm
861 1323 985 1387 Aeneas
1007 1329 1123 1407 gratias
1145 1328 1254 1396 Didoni
1276 1337 1385 1414 ege-5
1438 1373 1442 1387 «

282 1421 329 1481 ret
358 1420 484 1508 eiusque
511 1439 560 1500 se,
590 1423 725 1504 quamdiu
751 1426 858 1488 natura
879 1443 977 1489 rerum
1007 1426 1161 1510 stetisset,
1185 1437 1355 1500 ,memoriam

245 1517 448 1594 plantarum
469 1521 675 1604 eonfiteretur,
698 1525 742 1585 sic
763 1524 826 1586 nit:

364 1619 398 1683 ln
420 1623 498 1684 fruto
520 1623 587 1686 dum
608 1624 688 1686 lluuii
711 1629 847 1706 current,
870 1628 937 1690 dum
959 1630 1107 1693 montibus
1125 1633 1247 1697 umbrae

364 1722 550 1805 lustrabunt,
572 1743 706 1788 connexa
728 1713 816 1806 polus
840 1728 906 1814 dum
929 1727 1030 1792 sidero
1052 1735 1167 1809 pascet.

281 1824 334 1886 Sic
355 1826 388 1888 ct
407 1824 551 1905 Tityrus,
583 1844 646 1888 eum
668 1828 823 1892 beneiiclis
845 1830 982 1907 Augusti
1003 1833 1122 1908 gratias
1144 1835 1268 1913 ageret,
1297 1853 1351 1898 re·
1363 1841 1405 1906 10

280 1945 341 1986 rum
376 1932 499 1988 naturae
534 1929 766 2008 perpetuitatem
802 1932 1040 2008 congruentibus
1067 1933 1205 1998 sensibus
1239 1937 1353 2000 uacu-

280 2028 324 2088 uit
346 2026 409 2088 sic:

404 2121 486 2188 Ante
507 2125 591 2188 leuos
613 2115 690 2206 er'go
711 2131 874 2210 pascentur
895 2129 924 2190 in
947 2145 1076 2211 acquoro
1098 2134 1179 2194 cerui
1289 2179 1292 2185 .

406 2228 437 2290 ct
452 2229 537 2293 ‘freta
560 2227 724 2292 destituent
744 2230 840 2292 nudos
861 2230 892 2291 in
913 2230 1003 2292 litore
1025 2231 1137 2311 pisces

279 2329 311 2393 ln
340 2330 399 2392 boc
427 2332 515 2392 etlam
544 2331 671 2394 carmine
700 2331 844 2412 quosdam
866 2349 972 2393 uorsus
999 2333 1118 2414 posuit,
1149 2333 1198 2413 qui
1226 2339 1352 2414 possent
1363 2340 1403 2404 15

275 2431 401 2496 ‘borolco
422 2433 541 2495 carmini
563 2435 676 2512 aptari,
699 2437 732 2495 ot
753 2435 839 2497 sunt:

402 2531 470 2595 Huc
492 2533 587 2612 ades,
611 2552 630 2594 o
652 2515 785 2595 lormoso
806 2551 900 2612 puer:
924 2533 979 2594 tibi
1001 2531 1062 2593 lilia
1083 2532 1181 2611 plenis

407 2649 478 2696 ecco
501 2634 602 2695 ierunt
622 2636 771 2713 nymphae
795 2631 939 2712 calathis,
961 2631 1016 2694 tibi
1037 2633 1165 2696 candide
1185 2633 1261 2696 Nais

403 2734 555 2816 pallentes
576 2734 672 2797 uiolas
696 2739 727 2798 et
748 2754 859 2801 summa
880 2756 1034 2818 papauera
1054 2754 1193 2819 carpens,

300 2842 302 2847 ’
404 2838 567 2901 narcissum
590 2839 621 2897 et
642 2836 743 2899 liorem
764 2838 862 2917 iungit
882 2839 963 2903 bene
984 2839 1094 2903 olentis
1116 2836 1231 2916 metir,
1358 2842 1404 2907 πο

278 2941 309 3000 ot
326 2939 461 3021 quoniam
481 2938 682 3017 intellegebat
702 2938 855 3001 sublimius
876 2958 911 3002 se
929 2941 1056 3021 dixisse,
1077 2938 1265 3002 nouissimum
1283 2954 1352 3001 uer·

277 3058 341 3102 sum
363 3042 539 3120 attenuault,
561 3058 619 3122 quo
635 3042 747 3105 rustico
769 3043 872 3104 sensui
895 3061 1013 3105 carmen
1033 3043 1133 3121 aptius
1147 3040 1243 3130 lecit-¹
1274 3036 1351 3099 Ver-

277 3142 369 3217 gilius
392 3145 505 3221 eutem,
528 3143 563 3202 ut
579 3142 723 3205 Bucolica
745 3144 909 3222 scriberet,
932 3162 1050 3207 causam
1073 3139 1219 3204 eiusmodi
1239 3138 1352 3201 babuli.

276 3240 321 3302 lli.
344 3241 492 3303 Antonius
514 3240 676 3319 Octauiam,
698 3260 830 3321 sororem
852 3241 999 3322 Augusti,
1018 3242 1151 3307 babebat
1172 3257 1297 3302 uxorem
1320 3242 1354 3303 et

276 3345 457 3423 prouinciam
492 3341 617 3403 sortitus
651 3344 700 3405 est
729 3340 918 3423 Aegyptum.
966 3342 1028 3403 vbi
1063 3362 1126 3406 eum
1155 3338 1403 3421 Cleopatranam

276 3444 447 3507 adamasset
483 3446 515 3505 ot
543 3460 667 3505 uxorem
704 3443 844 3507 duxisset
875 3442 1001 3522 repudio
1031 3443 1176 3507 Octauiae
1213 3442 1285 3505 dato
1320 3444 1353 3505 ct

276 3550 415 3628 speraret
436 3546 474 3609 dc
497 3547 618 3625 imperio
633 3543 836 3608 Alexandriae
859 3544 1077 3622 constituendo,
1097 3542 1204 3604 bostis
1215 3542 1352 3623 publicus

276 3649 447 3731 appellatos
477 3650 536 3710 est.
581 3646 672 3732 ercm
701 3650 916 3728 persecuturus
942 3644 1104 3723 Augustus
1137 3644 1291 3705 exercitus
1321 3642 1352 3701 in

277 3752 422 3813 orientem
459 3748 587 3820 ducebat
623 3768 747 3834 eumque
779 3749 859 3811 bello
896 3747 1052 3827 superauit
1087 3742 1165 3826 apud
1196 3744 1352 3808 Actiacum

280 3852 459 3935 Apollinem.
501 3850 607 3913 ltaliae
635 3870 711 3930 orgo
735 3850 904 3915 ciuitatibus
933 3850 1071 3911 diuersos
1093 3850 1197 3927 partes
1220 3852 1403 3927 sequen-30

276 3955 355 4017 tibus
370 3952 607 4017 ·(lrcmonenses
643 3957 675 4015 ct
700 3952 854 4013 Mantuani
884 3951 982 4011 nentri
1016 3952 1088 4011 suunt
1114 3947 1266 4012 auxiliati:
1292 3946 1353 4009 sod

275 4057 335 4117 boc
356 4055 520 4133 Augustus
540 4056 713 4133 indignatas
737 4054 904 4133 ueteranis,
933 4066 1056 4135 quorum
1078 4063 1198 4131 operam
1219 4046 1353 4109 inbelle

278 4260 409 4336 cissent,
445 4258 624 4322 Mantuanos
659 4257 792 4335 adiungi.
843 4254 932 4318 Vnde
961 4256 1088 4330 lactum,
1122 4251 1165 4311 uti
1193 4245 1351 4325 Vergilius

279 4377 397 4444 quoquc
420 4377 514 4437 agros
533 4362 704 4439 auritteret,
726 4377 801 4440 quos
823 4356 991 4444 sexaginte
1012 4351 1146 4416 ueterani
1168 4349 1401 4428 acciperent35

346 4527 373 4580 3.
392 4522 524 4593 carmini]
552 4528 678 4577 semroni
696 4530 729 4578 Ρ.
806 4489 835 4575 Δ.
850 4520 1002 4590 buccolica
1023 4524 1056 4571 Ρ.
1130 4518 1173 4569 1⁰.
1193 4516 1303 4569 diceret
1320 4520 1350 4565 Ρ.

311 4612 355 4665 18.
375 4596 492 4665 euthero
509 4612 567 4661 PE.
639 4612 682 4661 22.
702 4620 788 4665 sensu
804 4614 834 4663 P.
906 4605 949 4659 28.
967 4607 1132 4671 persecutus
1149 4603 1186 4657 V.
1248 4600 1291 4653 bb.
1310 4596 1351 4651 di·
1460 4649 1465 4656 ,

276 4710 377 4755 uersus
394 4699 433 4764 Ε,
453 4695 590 4753 aduersas
609 4698 667 4749 ΥΡ.
