3534 5450
742 687 778 702 ¹·-
824 673 884 716 xuni
928 689 968 702 ⁸·-

219 807 222 816 ¹
321 849 397 915 quae
426 828 572 892 deessent
597 843 718 888 numeru
748 827 919 902 constaret,
951 815 1107 901 indieauit,
1136 838 1192 884 neo
1215 821 1391 902 seripturam

322 933 434 998 eudieis
463 931 572 1012 ubique
601 929 677 990 satis
705 929 843 991 accurate
872 925 1037 1005 expressit.
1086 921 1176 984 immo
1204 941 1261 986 nun
1290 923 1393 986 dubito

320 1037 389 1119 quin
412 1036 474 1097 otiu
503 1049 561 1114 quo
589 1030 617 1090 in
645 1033 703 1092 tam
732 1027 846 1090 diiiieiii
874 1029 1002 1107 negotiu
1024 1013 1101 1108 opus
1121 1027 1171 1088 est
1192 1041 1338 1088 ooueesso
1361 1027 1394 1087 et

291 1151 295 1156 ·
320 1135 433 1218 paiiida
454 1134 603 1214 scriptura
630 1132 715 1194 nouis
737 1130 955 1204 nnedienmentis
976 1130 1110 1192 exeitntn
1137 1127 1287 1208 eliquanto
1308 1126 1394 1207 piura

322 1239 411 1300 etiam
433 1253 519 1318 quarn
540 1234 641 1296 Maius
660 1233 741 1312 degit
762 1249 868 1296 eruere
891 1230 992 1294 iieeat.
1042 1229 1105 1292 Sed
1134 1247 1198 1291 enm
1218 1247 1278 1291 uun
1298 1229 1395 1290 soinm

322 1337 561 1415 medicamentis,
584 1335 689 1418 quibus
712 1334 788 1397 eiius
808 1335 928 1396 eudiees
948 1333 1007 1394 sibi
1028 1330 1237 1412 pessumdatos
1250 1347 1323 1394 esse
1337 1349 1395 1394 uon

324 1440 430 1503 iniuria
453 1439 672 1520 querebantur,
693 1436 879 1500 membranas
900 1436 986 1513 tangi
1007 1432 1122 1496 nolient
1144 1432 1275 1496 eanoniei
1296 1432 1395 1495 Vero·

231 1591 236 1610 ,
323 1558 433 1605 nenses
454 1543 486 1604 et
506 1539 592 1621 plura
612 1538 729 1602 omnino
751 1555 837 1620 quam
859 1557 878 1600 n
899 1535 983 1599 binio
1005 1536 1089 1598 edita
1106 1538 1212 1599 esseut
1230 1533 1397 1614 meiegere

325 1636 480 1722 nutarent,
502 1641 558 1704 sed
581 1644 699 1720 tempus
721 1639 810 1702 etiam
832 1642 892 1702 tum
913 1655 1006 1718 perse
1020 1638 1267 1717 distribueretur,
1289 1641 1321 1700 nt
1343 1638 1397 1699 uix
1558 1680 1560 1683 -

325 1763 409 1808 uuam
439 1743 541 1806 buram
570 1740 700 1820 singulis
731 1722 836 1802 diebus
863 1741 1049 1812 bibliutbeea
1069 1742 1208 1820 pateret,
1235 1758 1294 1804 nou
1313 1741 1397 1822 potui
1512 1781 1516 1784 ·

325 1864 386 1910 rem
416 1849 459 1910 ita
486 1849 519 1909 ut
546 1843 682 1906 uolebam
710 1847 743 1906 et
771 1846 803 1906 ut
831 1841 895 1904 iieri
924 1843 1058 1906 debebat
1085 1840 1243 1922 pemnere.
1292 1843 1398 1925 ltaque

325 1948 404 2030 quud
427 1947 571 2028 reliquum
594 1946 678 2019 erat,
701 1961 739 2006 en
760 1961 836 2024 quae
857 1942 958 2005 Maius
979 1944 1116 2006 ediderat
1128 1961 1193 2006 oum
1208 1943 1310 2006 eodiee
1324 1961 1396 2006 eun·

326 2049 399 2129 tuit,
430 2050 457 2109 si
486 2046 604 2130 quando
634 2044 720 2125 piurn
748 2044 813 2105 sine
833 2061 944 2120 magno
972 2045 1116 2122 temporis
1138 2043 1313 2105 detrimento
1334 2044 1400 2122 degi

326 2151 467 2230 poterant
487 2147 607 2226 addidi,
636 2146 758 2208 ineunas
787 2163 872 2227 quam
900 2144 985 2224 potui
1012 2145 1239 2208 aeeuratissime
1261 2145 1399 2210 indicaui.

327 2252 394 2338 Qua
421 2253 537 2315 ratione
564 2267 728 2331 quanquam
759 2247 935 2326 imperfecta
969 2247 1067 2310 euasit
1095 2263 1162 2330 ree,
1196 2250 1293 2310 tamen
1320 2247 1400 2311 baud
1482 2291 1485 2294 -

326 2352 428 2432 pauiiu
456 2351 658 2416 emendatiora
687 2352 719 2413 et
748 2350 785 2412 ad
816 2351 1046 2429 usumaptiora
1071 2348 1148 2413 baeu
1174 2347 1290 2414 nebodia
1306 2349 1401 2414 edere

328 2455 422 2518 iieuit·
472 2451 612 2517 Ceterum
645 2451 815 2528 aVergiiii
845 2451 1002 2528 uersibus,
1037 2452 1173 2532 quoniam
1201 2467 1258 2514 nee
1278 2470 1298 2513 a
1318 2452 1402 2516 Maio
1491 2449 1495 2457 “

327 2555 550 2618 medicamentis
578 2554 650 2616 teeti
679 2555 764 2614 erant
789 2567 845 2613 nee
866 2553 984 2629 tempus
1005 2557 1183 2634 supererat,
1209 2569 1335 2632 prorsus
1355 2571 1403 2616 me

330 2657 470 2721 abstinui.

431 2758 543 2823 Restat
563 2758 597 2821 ut
617 2755 721 2837 paneis
744 2756 782 2819 de
803 2772 900 2817 nouae
923 2754 1064 2819 editionis
1086 2755 1205 2819 ratione
1220 2755 1401 2837 explieetur.

330 2861 404 2923 Nem
433 2880 492 2943 qun
521 2860 635 2923 oertius
659 2858 698 2920 de
723 2856 887 2920 litterarum
916 2857 966 2938 qui
988 2857 1092 2921 autin
1112 2854 1171 2920 tine
1193 2858 1297 2921 autin
1318 2858 1403 2923 initio

330 2964 468 3025 uersuum
488 2964 644 3044 perierunt
663 2977 784 3023 numeru
807 2961 977 3038 eunstaret,
999 2975 1063 3021 eum
1085 2958 1145 3022 niia
1158 2961 1326 3025 membrana
1339 2981 1401 3025 ma·

331 3066 384 3143 gis
405 3082 491 3145 qnam
511 3064 571 3127 aiia
593 3064 766 3127 eireumeisn
787 3064 888 3139 esset,
916 3078 1056 3123 numerus
1078 3061 1186 3144 quibus
1214 3063 1289 3126 ordo
1309 3082 1403 3129 mem·
1467 3057 1479 3074 '

330 3166 487 3229 brunamm
516 3167 545 3227 ln
575 3162 743 3227 Veronensi
771 3162 875 3224 eudiee
897 3152 1041 3226 indient'us
1070 3166 1120 3227 eat
1140 3164 1171 3225 in
1191 3165 1327 3243 margine
1347 3183 1403 3246 np-

297 3329 302 3344 ,
331 3267 441 3348 posui,
464 3248 507 3327 ita
527 3268 561 3327 ut
581 3282 701 3327 numero
724 3264 896 3346 simpliciter
915 3265 1018 3343 posito
1038 3268 1124 3329 reeta
1144 3264 1331 3331 membranae
1344 3286 1405 3349 pa·

333 3369 418 3449 gina,
441 3370 471 3429 in
487 3386 546 3450 qua
560 3366 626 3452 tinis
649 3384 785 3429 uersuum
800 3367 995 3431 obtrunentns
1011 3372 1070 3447 est,
1093 3368 1251 3449 iudicetur,
1272 3371 1404 3435 asteris-

333 3488 370 3533 ou
398 3472 502 3533 additu
530 3487 636 3547 uersa,
667 3470 695 3531 in
732 3487 791 3551 qua
824 3469 931 3532 laeana
965 3469 1077 3532 initium
1114 3488 1255 3533 uersuum
1291 3472 1404 3537 bausit

332 3574 399 3659 Qua
418 3575 448 3636 in
470 3591 504 3637 re
527 3566 694 3653 siquando
717 3591 774 3634 una
796 3574 907 3635 tantum
928 3572 1043 3653 pagiua
1063 3571 1192 3635 indicata
1214 3575 1281 3652 est,
1308 3574 1406 3637 nitere

334 3674 456 3738 sebuiiis
477 3677 575 3737 unont.
629 3672 663 3735 iu
693 3672 732 3736 iis
761 3676 859 3737 tamen
889 3673 1065 3735 membranis
1086 3692 1164 3755 quae
1186 3676 1215 3738 in
1237 3673 1404 3739 Veronensi

333 3777 439 3841 eudioe
460 3777 598 3839 inuersne
621 3779 708 3856 sunt,
731 3779 843 3839 rentum
862 3777 1005 3856 paginam
1026 3774 1094 3839 dieu
1117 3793 1182 3838 eam
1203 3779 1331 3859 quaein
1351 3796 1404 3841 an·

334 3880 417 3963 tiqnn
449 3880 599 3959 seriptum
626 3880 709 3940 reete
734 3879 802 3954 est,
829 3894 887 3938 uun
914 3894 990 3957 quae
1012 3881 1042 3940 in
1064 3880 1245 3943 resentiore.
1288 3879 1406 3942 Deinde

248 4030 250 4037 .
335 3998 399 4043 oum
419 3981 459 4043 ad
480 3981 649 4043 ineunarum
672 3977 904 4061 magnitudinem
924 3982 1138 4044 aestimandum
1153 3999 1225 4056 ‚nun
1245 3982 1340 4043 miuus
1360 3981 1405 4043 in·

334 4084 423 4147 tersit
452 4085 531 4147 seire
560 4100 619 4165 quo
658 4082 723 4144 ineu
752 4081 781 4144 in
815 4080 949 4161 singuiis
977 4083 1153 4147 membranis
1180 4082 1406 4163 unumquodque

335 4184 479 4247 sebuiium
499 4186 627 4266 positum
649 4185 709 4262 sit,
732 4182 841 4245 litteris
862 4179 947 4246 uberi
964 4185 994 4247 in
1018 4185 1125 4247 eodem
1139 4184 1275 4261 margine
1297 4183 1406 4259 additis

335 4286 378 4349 ita
407 4304 444 4347 en
471 4304 548 4368 quae
576 4286 706 4365 singuiis
734 4286 857 4367 paginis
885 4286 1072 4349 eontinentur
1102 4285 1246 4363 distinxi,
1274 4289 1307 4349 ut
1325 4306 1347 4349 u
1369 4303 1406 4348 ea
1445 4295 1471 4333 st

335 4406 413 4471 quae
444 4388 473 4449 in
502 4388 659 4466 superiore
689 4388 824 4466 margine
852 4390 966 4467 scripta
986 4390 1056 4450 sunt
1076 4386 1206 4468 iudieet,
1234 4383 1353 4469 dquae
1375 4389 1405 4452 iu
1451 4375 1484 4455 b·

334 4490 494 4564 interiore,
516 4510 535 4551 e
556 4506 632 4570 quiae
653 4491 737 4552 iuxtn
758 4508 864 4553 uersus
886 4492 999 4569 poetae
1027 4490 1093 4552 siue
1113 4491 1143 4554 in
1165 4491 1319 4556 exteriore
1340 4491 1407 4554 siue
1450 4518 1467 4558 c

335 4596 362 4653 in
394 4594 534 4657 interiore
566 4593 700 4671 margine
728 4594 826 4673 pusitn
856 4595 943 4671 snut,
979 4590 1004 4653 d
1033 4611 1069 4656 ea
1097 4611 1174 4676 quae
1204 4592 1405 4659 interlineas
1449 4572 1481 4663 <l
