3534 5450
710 719 757 740 ..-
795 695 836 759 31
882 728 924 741 -

288 861 407 954 iunctae
429 859 600 946 Britanniae
622 857 733 925 ultiouis
762 861 898 940 partibus
921 859 1073 940 Oreades,
1102 861 1225 942 quarunt
1253 859 1357 924 ulnus

288 966 337 1024 ost
359 959 471 1023 Tlrule.
516 958 681 1036 Signltioat.
699 977 775 1036 ergo
799 957 876 1022 lano
896 975 1017 1042 quoque
1037 958 1214 1022 seruituranr
1234 958 1358 1023 Caesari
1377 1053 1385 1058 ὓ

288 1065 485 1126 consecuturo
505 1045 639 1122 honores
661 1060 822 1122 caelestes.

277 1199 282 1206 -
349 1161 403 1226 82.
446 1158 537 1220 Anne
558 1178 663 1221 nouum
685 1160 778 1220 tardis
800 1159 883 1220 sidus
904 1159 1105 1222 lunensibus
1123 1160 1230 1240 addas,

277 1303 289 1320 ,.
395 1311 404 1325 ,,
446 1275 504 1340 qua
525 1258 612 1322 loeus
632 1259 787 1338 Erigonen
809 1259 887 1320 inter
904 1257 1076 1342 Chelasque
1095 1252 1252 1341 sequentis
1364 1255 1388 1318 5

446 1359 597 1438 panditur.
640 1357 712 1438 lpse
734 1360 788 1421 tllsi
810 1360 866 1420 iarn
888 1358 1010 1436 braulio
1031 1360 1179 1422 enutralrit
1198 1361 1309 1422 ardena

373 1477 386 1502 .
450 1462 589 1540 scorpio,
613 1459 668 1520 sed
691 1457 768 1522 oaell
789 1460 869 1520 insta
890 1458 958 1538 plus
979 1462 1067 1540 parte
1088 1460 1238 1544 relinquit.

288 1556 401 1620 Tardis
421 1559 571 1624 mensibus
593 1557 676 1637 ideo,
696 1558 775 1638 quod
791 1559 964 1620 domlelliun
977 1558 1097 1624 Saturni
1119 1561 1239 1622 nudat
1258 1559 1357 1620 astro·

279 1655 353 1734 lagi
381 1659 505 1739 librant,
535 1659 615 1740 quod
642 1661 692 1722 est
718 1661 838 1736 signuur
865 1659 1044 1739 aequitatis,
1073 1661 1155 1720 euius
1175 1660 1286 1721 mensis
1308 1660 1359 1721 est

281 1756 395 1820 biennii
418 1761 450 1820 et
471 1775 530 1818 sex
550 1759 710 1836 mensium,
742 1757 915 1822 ouiuslooo
936 1760 1065 1820 lutororn
1088 1756 1252 1822 Gaesarem
1272 1751 1410 1822 rodurn

284 1856 399 1921 ‚Gltelas
414 1858 488 1920 dieii
499 1859 665 1938 suorpiuuis
680 1858 817 1921 lrraolria:
840 1860 1004 1937 Erigonen
1020 1857 1093 1922 dlolt
1104 1862 1262 1940 uirginem,
1282 1878 1360 1941 quae

289 1957 424 2037 lustitia,
454 1958 577 2020 Astraei
600 1958 678 2036 fllia,
705 1975 782 2036 quae
805 1977 868 2021 oon
890 1963 1003 2021 morata
1024 1963 1112 2021 esset
1137 1979 1229 2022 aureo
1252 1967 1285 2022 et
1305 1979 1359 2022 ar-

288 2059 404 2133 genteo
425 2057 547 2121 saeculo
570 2073 633 2118 euur
654 2057 837 2132 luminibus,
864 2057 965 2119 lerreo
983 2057 1107 2118 'saeonlo
1135 2077 1171 2120 se
1192 2061 1308 2137 recepit
1329 2060 1359 2122 ln

288 2157 421 2236 eaelum,
448 2158 518 2239 qula
536 2158 613 2221 oltra
635 2158 663 2220 in
686 2157 775 2220 terris
797 2156 900 2220 sedena
922 2175 980 2220 non
1002 2155 1155 2237 lralaoerit,
1183 2178 1241 2222 neo
1261 2160 1358 2221 susti-

286 2260 385 2320 nuerit
402 2276 438 2320 se
459 2258 602 2320 lominum
623 2257 750 2320 miseere
771 2258 947 2320 stateribus.
990 2258 1125 2338 llrlgone
1153 2263 1252 2322 auten
1278 2258 1355 2322 leari
1368 2248 1410 2314 15

287 2360 344 2422 lolt
365 2359 442 2438 lilia,
463 2361 594 2438 pastoris
617 2357 731 2438 Attici,
760 2377 837 2440 quae
859 2360 957 2422 relata
985 2362 1035 2423 est
1056 2361 1087 2422 in
1108 2378 1255 2422 numerum
1276 2362 1357 2423 side·

281 2479 365 2539 runo,
387 2461 629 2536 non'signorunr.
672 2458 782 2526 Sidera
805 2462 882 2521 enirn
910 2463 1001 2523 extra
1022 2461 1198 2536 sl'gniierurn
1219 2461 1358 2524 otrentum

281 2563 367 2637 sont,
389 2561 481 2636 signa
502 2562 612 2622 tantm
629 2559 781 2622 duodeolnr
795 2559 900 2638 plaoet
912 2576 984 2621 esse
1001 2559 1178 2637 anologio.
1191 2591 1233 2608 -··
1276 2560 1360 2624 lustu

287 2660 356 2739 plns
379 2661 465 2739 parte
486 2659 627 2743 relinquit
646 2677 666 2720 a
687 2661 857 2740 scorpione,
876 2660 949 2740 urta
970 2660 1233 2743 soorpioduoruor
1254 2661 1359 2740 signo·

287 2779 351 2827 rura
370 2762 500 2843 spatium
529 2762 628 2839 tenet,
650 2762 681 2823 in
702 2761 785 2823 ouius
806 2759 937 2823 braoliis
959 2762 1075 2824 tarbua
1095 2765 1145 2824 est
1169 2762 1271 2841 poslta
1290 2746 1412 2826 sta-²⁰

289 2867 372 2942 tera,
393 2864 514 2940 siguum
536 2862 649 2942 librae,
680 2879 766 2943 quarn
788 2863 894 2938 graeei
915 2856 1006 2943 ζῦγον
1028 2865 1146 2925 uocant.
1164 2875 1168 2879 “
1188 2861 1256 2928 lloe
1283 2867 1360 2928 enlru

284 2965 417 3045 vspatlun
439 2963 477 3024 ab
500 2979 537 3025 eo
559 2962 687 3026 detineri
709 2964 741 3025 et
763 2961 889 3027 Ouidius
909 2963 1038 3025 testatur
1060 2982 1124 3026 oon
1146 2963 1204 3025 altr

377 3064 449 3123 -llst
469 3062 568 3140 loeus,
590 3063 780 3139 ingenuinus
802 3063 852 3123 nli
874 3061 997 3127 luraelria
1018 3065 1163 3127 eoneanat
1184 3082 1270 3129 urens

397 3162 535 3241 soorpios
557 3163 589 3224 et
610 3161 705 3221 cauda
726 3162 875 3243 laxisque
895 3166 1032 3247 utrinque
1054 3165 1177 3228 lacertis

285 3317 292 3324 .
396 3262 529 3343 porrigit
549 3262 579 3321 ln
600 3262 728 3341 spatium
748 3261 905 3339 signorum
925 3267 1054 3327 ruendna
1075 3266 1210 3327 duorurn.
1366 3262 1412 3327 25

354 3381 408 3447 36.
453 3378 596 3463 Quicquid
619 3380 691 3460 eris,
713 3398 778 3442 nan
800 3382 832 3443 to
852 3397 910 3441 nee
929 3385 1052 3459 sperent
1070 3383 1200 3446 Tartaru
1221 3400 1340 3464 regen,

451 3500 507 3544 noo
530 3482 583 3542 titt
604 3482 753 3559 regnandi
775 3482 875 3544 uentat
897 3483 957 3542 tarn
978 3481 1043 3543 dira
1064 3484 1182 3562 cupido,
1294 3502 1299 3511 ·

452 3584 583 3664 quamuis
605 3582 727 3666 Elysios
749 3584 871 3648 miretur
893 3583 1020 3647 Graecia
1039 3599 1170 3662 campos,

451 3703 507 3745 neo
528 3686 658 3762 repetita
678 3686 765 3766 sequi
785 3686 871 3747 ouret
891 3683 1074 3763 Proserpina
1095 3689 1228 3747 aratroru-

293 3782 450 3844 Tartarum
478 3784 520 3844 ait
543 3784 698 3861 Vergilius
725 3786 805 3866 apud
832 3787 947 3848 inieros
977 3784 1071 3846 loouur
1097 3786 1291 3866 praeeipitem
1314 3783 1416 3848 in-dss
1462 3802 1467 3806 ·

292 3883 392 3947 turus
414 3882 596 3963 altitudinis,
617 3904 681 3948 oum
702 3883 765 3949 alr:

364 4098 725 4170 ².8ignilieaturlrauo1’.
776 4102 1008 4168 §.sequentem
1061 4104 1088 4152 7.
1104 4103 1185 4153 iuxta
1195 4104 1230 4151 V.
1283 4098 1366 4149 dest

298 4199 355 4235 om.
373 4188 403 4235 Ρ.
483 4188 526 4237 11.
555 4202 627 4253 qnae
654 4184 787 4239 editores:
809 4183 858 4254 ej.
882 4186 989 4256 Hygia.
1014 4184 1078 4236 rao:
1107 4189 1153 4235 eui
1173 4185 1208 4247 V,
1234 4184 1316 4232 euius
1333 4188 1371 4246 Ρ,·

297 4265 365 4333 quoi
382 4268 416 4319 E.
486 4270 529 4319 12.
548 4278 578 4322 et
595 4280 733 4338 argenteo
752 4278 852 4324 amm.
906 4270 948 4322 11.
966 4266 1047 4335 qnia]
1069 4266 1144 4332 quod
1161 4271 1192 4315 Ρ.
1244 4264 1289 4317 16.
1306 4265 1367 4316 illia

295 4350 352 4403 luit
368 4356 398 4403 Ρ.
466 4353 509 4403 17.
532 4354 645 4421 Sidera]
667 4358 751 4425 signa
766 4362 824 4406 Ρ.·
870 4354 915 4404 18.
931 4352 1014 4402 quta
1024 4352 1059 4399 V.
1129 4347 1172 4399 19.
1190 4348 1309 4416 reliquit
1327 4351 1364 4401 V.

333 4432 413 4503 qnia]
434 4436 509 4501 qnod
527 4444 557 4487 Ρ.
636 4440 766 4507 scorpius
786 4428 852 4500 ΥΡ,
877 4434 1008 4500 scorpios
1032 4434 1065 4482 E.
1146 4435 1190 4484 ln.
1216 4434 1310 4500 spatio
1330 4436 1365 4485 V.

332 4522 375 4573 ²1.
395 4534 477 4587 quern
489 4522 549 4583 VP,
568 4535 640 4589 quae
658 4526 692 4575 E.
751 4523 837 4589 tdyur
849 4522 882 4584 Ε,
901 4518 984 4570 zicou
997 4519 1058 4568 VP.
1111 4514 1217 4584 met]
1238 4518 1324 4569 etiarn
1334 4522 1366 4567 Ρ.

332 4604 376 4657 26.
392 4611 528 4673 spernent
547 4605 581 4657 V.
649 4606 683 4659 ²8
701 4606 789 4659 ellaoa
809 4607 845 4657 V.
