3534 5450
422 905 487 970 Sel
515 899 682 968 insinuatus
704 897 849 976 Augusto
876 911 939 975 per
955 887 1126 955 cornelium
1148 886 1282 971 Gallum,
1309 882 1497 968 molinetpn·

421 1006 479 1068 lum
507 1020 610 1085 auum,
638 999 817 1081 promeruit,
844 999 880 1059 nt
901 1011 996 1074 agros
1016 1006 1091 1054 euos
1112 991 1281 1069 rumperet,
1304 991 1336 1052 et
1356 1000 1401 1050 eo'
1415 990 1495 1054 laeto
1545 1023 1546 1026 ¹

315 1083 321 1092 ¹
422 1104 628 1172 ouumtauera't
644 1101 675 1164 in
696 1119 731 1163 se
752 1103 914 1162 ueteranos
935 1096 1032 1174 adeo,
1052 1096 1084 1157 ut
1104 1112 1124 1154 a
1144 1091 1273 1154 ltluiieuo'
1290 1091 1413 1154 Torone
1433 1091 1494 1171 pri-

389 1239 391 1244 ·
422 1191 547 1288 mptum
577 1207 675 1288 paam
702 1203 743 1266 sut
770 1201 965 1276 anomaeos,
994 1195 1051 1258 aar
1077 1194 1229 1274 rugaret,
1257 1195 1290 1254 at
1310 1194 1496 1254 mutamur

333 1369 337 1374 .
392 1307 677 1392 alpse,eumait:
724 1290 774 1385 ’χ’

551 1407 639 1494 Quod
660 1386 785 1494 nisffime
807 1417 980 1485 quacunque
1000 1415 1096 1461 nouae
1117 1412 1295 1475 componere
1312 1393 1384 1456 lites

551 1511 621 1571 ante
643 1507 764 1567 sinistra
786 1521 859 1565 caua
880 1502 1047 1565 monuisset
1067 1497 1197 1578 abiline
1218 1496 1333 1574 cornix,

547 1627 605 1672 nee
626 1611 695 1670 taos
717 1605 766 1669 bie
788 1603 905 1666 llloeris
925 1621 983 1666 neo
1004 1602 1121 1663 uiueret
1141 1599 1209 1680 ipse
1230 1597 1396 1660 Menalcas.

425 1711 545 1775 Gratias
569 1727 647 1786 ergo
670 1723 768 1785 agens
790 1705 952 1784 Augusto,
975 1703 1057 1784 quoi
1076 1701 1245 1780 reoepinset
1266 1715 1377 1777 agros,
1400 1697 1496 1759 Boeo-

375 1813 417 1880 10
425 1813 483 1873 lica
512 1811 652 1892 scripsit,
686 1807 743 1868 sod
778 1825 836 1868 non
867 1793 972 1867 eodem
1000 1803 1103 1866 ordine
1133 1801 1244 1879 edidit,
1278 1818 1336 1880 quo
1366 1800 1497 1880 scripsit.

423 1911 481 1974 list
508 1911 584 1972 enim
613 1907 740 1987 ecloga,
769 1923 828 1989 qua
859 1909 984 1986 erepton
1007 1905 1065 1966 sibi
1094 1921 1189 1981 agros
1211 1903 1361 1983 queritur,
1387 1903 1432 1962 sio
1453 1903 1496 1964 in-

424 2012 554 2075 oboans:
584 2009 651 2094 Quo
674 2010 722 2086 te,
752 2001 1022 2092 Moeri„pedes‘t
1050 2023 1105 2084 on,
1128 2022 1186 2086 quo
1209 2004 1258 2064 oia
1280 2002 1377 2082 ducit,
1398 2005 1428 2065 in
1448 2021 1496 2065 ur·

422 2107 514 2175 bem?
545 2115 577 2174 et
604 2127 641 2172 ea
670 2109 770 2191 posita
799 2110 846 2170 est
875 2108 905 2168 in
933 2106 1106 2186 penultimo.
1149 2103 1194 2167 At
1221 2106 1306 2184 prius
1331 2105 1387 2166 init
1416 2104 1498 2186 queri

426 2215 571 2290 damnum,
594 2209 702 2272 deinde
725 2211 831 2271 testari
852 2208 1037 2281 beneficium,
1079 2207 1167 2284 llrgo
1185 2207 1330 2288 praeponi
1349 2206 1401 2268 illa
1417 2208 1497 2270 eelo-

378 2327 472 2390 1pga
496 2313 660 2388 debuerat,
687 2312 720 2373 et
748 2311 792 2370 aio
813 2307 891 2371 bueo
913 2309 1068 2387 substitui,
1097 2327 1154 2390 qua
1176 2309 1294 2388 gratias
1313 2309 1392 2385 ogit.
1433 2310 1500 2373 Sel

301 2426 309 2432 ”
429 2413 562 2490 Vergilii
587 2411 739 2472 eonsilium
760 2409 913 2486 iaciunt
935 2429 974 2471 ne
990 2410 1157 2472 offenderet
1177 2411 1395 2490 imperatorem,
1414 2410 1499 2474 euius

424 2515 546 2578 saeculo
569 2512 675 2574 librum
696 2511 857 2592 legendum
880 2513 1066 2591 praebebat,
1096 2512 1198 2574 maluit
1224 2513 1336 2575 instare
1362 2513 1497 2576 testimo·
1617 2584 1619 2587 ¹

423 2617 484 2678 nio.
527 2611 602 2677 Nam
624 2613 691 2694 ipsa
713 2611 842 2692 ecloga,
871 2631 948 2694 quae
971 2614 1010 2674 de
1031 2613 1136 2675 iaoruo
1157 2615 1270 2694 refert,
1300 2631 1356 2676 uee
1377 2615 1406 2677 in
1427 2615 1498 2677 ulti·

423 2735 471 2779 mo
493 2716 593 2798 posita
622 2717 686 2795 est,
716 2734 754 2777 ne
776 2715 823 2777 uel
854 2714 899 2777 sio
924 2716 1086 2793 insiguiter
1112 2715 1280 2792 legeretui.
1324 2715 1499 2799 Plerumque
1617 2745 1619 2766 =

378 2818 506 2890 zoenim
535 2817 668 2897 quaein
701 2816 798 2877 melio
826 2819 974 2897 ponuntur
1001 2818 1079 2879 inter
1105 2815 1201 2895 prima
1228 2818 1260 2877 et
1292 2815 1393 2878 ultima
1420 2818 1500 2878 ‹leli-

426 2920 554 2980 teseout.
604 2916 671 3001 Quo
706 2919 945 2997 pronuntiatione
974 2933 1109 2997 quaeque
1142 2914 1253 2992 ecloga
1286 2915 1352 2995 legi
1380 2917 1500 2999 debeat,
1617 2939 1619 2984 i

425 3020 471 3082 sie
492 3018 691 3095 orilmbltur,
714 3018 850 3100 quonlam
871 3018 901 3080 in
923 3017 1018 3096 ipsis,
1039 3036 1116 3099 quae
1136 3017 1282 3081 cantanda
1303 3020 1406 3098 putat,
1429 3039 1500 3083 ear-

353 3102 357 3114 ⁴
425 3121 511 3181 minis
540 3120 613 3181 lacit
639 3120 834 3199 mentionem,
865 3120 894 3184 ai
918 3137 978 3181 non
1004 3122 1107 3200 putat,
1141 3119 1230 3181 butue
1259 3120 1375 3181 omniuo
1402 3122 1500 3185 uomi-

423 3220 471 3282 nis
495 3238 554 3283 nou
577 3221 723 3282 nueminit:
746 3220 823 3285 aleo
843 3221 977 3283 senonia
999 3221 1111 3299 ecloga
1125 3203 1278 3283 'motando
1302 3225 1386 3288 erate
1406 3225 1449 3287 ait
1469 3225 1500 3289 iu

375 3322 593 3402 85prinoipio:
618 3320 646 3383 0
669 3321 798 3382 erudelis
819 3321 931 3402 Alexi,
958 3322 1031 3383 nssr'il
1058 3340 1124 3385 mea
1145 3324 1273 3385 earmina
1294 3335 1391 3395 eurus.
1434 3326 1501 3390 seu

424 3422 454 3485 in
479 3424 568 3487 tertia
589 3438 684 3505 nsque
708 3440 766 3503 quo
788 3424 933 3485 cantanda
954 3442 1012 3485 non
1040 3424 1113 3503 tuit,
1141 3426 1361 3506 praetermisit,
1389 3431 1422 3493 at
1447 3427 1499 3491 ubi

425 3522 597 3587 cantandum
621 3526 705 3585 erat:
789 3550 795 3557 ·

552 3621 603 3686 Ab
627 3624 699 3685 lone
721 3624 912 3704 principium,
934 3640 1050 3702 musae,
1072 3621 1154 3687 louis
1176 3625 1272 3688 omnia
1292 3627 1393 3709 plena,

552 3723 605 3785 ille
625 3724 697 3785 nolit
717 3727 832 3805 torrae,
851 3726 894 3787 illi
915 3743 981 3787 moa
1003 3726 1132 3787 earmina
1151 3743 1260 3809 outae:

373 3824 460 3895 θοοὶ
488 3823 517 3883 in
547 3823 671 3904 reliquis
699 3823 815 3901 eelogis
844 3826 903 3890 hoo
930 3827 1008 3889 idem
1035 3826 1106 3891 lieet
1133 3829 1380 3894 animaduertere.
1422 3830 1498 3893 Nam

311 3948 315 3951 ·
424 3924 580 4001 Georgica
602 3924 749 4005 quomodo
770 3912 1044 4007 pronuntiarentur,
1074 3930 1174 3991 statim
1196 3930 1332 3993 osmunt
1352 3930 1497 3993 licendo:

424 4022 506 4087 ltine
521 4040 631 4089 oanme
651 4026 804 4105 incipiam,
833 4027 904 4089 item
926 4027 1065 4091 Aeneida
1092 4032 1228 4110 qnoniam
1257 4032 1403 4111 plasmate
1432 4032 1498 4114 legi

422 4124 563 4207 uolebat,
585 4127 646 4190 nita
668 4124 761 4192 Arum
780 4128 933 4209 uirumque
954 4148 1040 4192 euno.
1084 4131 1186 4209 Tityri
1208 4135 1241 4195 et
1260 4131 1407 4197 Meliboei
1426 4152 1497 4217 per-

490 4327 515 4381 3.
536 4326 645 4383 Mileno
664 4332 700 4383 V.
754 4329 920 4382 bteotutor
936 4333 966 4379 P.
1026 4329 1052 4384 6.
1072 4346 1238 4402 quacunque
1256 4338 1297 4399 Ε,
1313 4350 1496 4407 quaeeunque
1617 4367 1618 4376 ι

352 4476 356 4481 Ι
420 4410 480 4461 VP.
542 4410 568 4459 7.
589 4414 726 4465 mouisset
744 4418 780 4467 V.
836 4416 861 4467 8.
880 4414 1012 4467 uinceret
1034 4417 1071 4467 V.
1132 4417 1175 4469 13.
1194 4417 1242 4487 At]
1264 4427 1294 4472 et
1310 4426 1341 4475 Ρ.
1396 4424 1440 4475 18.
1458 4422 1495 4473 (le

421 4492 524 4543 omd'.
578 4496 621 4544 2⁰.
639 4496 749 4565 medio]
764 4497 863 4551 ultimo
875 4501 913 4568 V.
961 4505 991 4549 et
1007 4498 1108 4555 ultima
1120 4518 1176 4555 um.
1185 4504 1271 4559 VPE.
1323 4505 1405 4561 ibai
1421 4518 1495 4571 quae

420 4570 553 4630 editores:
562 4573 695 4643 soriam
709 4583 738 4634 iu
751 4582 810 4635 illia
823 4598 904 4649 quae.
960 4581 1003 4635 tt.
1013 4582 1100 4651 aneo]
1114 4586 1181 4640 ideo
1194 4590 1305 4656 quiaE.
1340 4586 1397 4655 ait]
1412 4592 1494 4643 utre

411 4654 544 4729 fortuma
562 4662 603 4712 ait
621 4662 706 4715 enim.
775 4665 818 4720 tt.
837 4666 926 4719 tertia
943 4667 982 4732 E,
1002 4668 1090 4720 tertio
1101 4672 1156 4725 ΥΡ.
1217 4672 1260 4726 28.
1274 4670 1366 4739 leuia}
1377 4672 1494 4729 loueV.
