3534 5450
711 670 916 732 ...49-

280 833 410 896 Aconita
428 829 500 894 'sunl
522 833 703 892 uenenorum
723 850 849 911 genera,
873 851 951 914 quoe
974 835 1039 908 iere
1054 836 1091 897 'in
1108 836 1210 916 petris
1220 847 1351 898 carenn-

281 939 329 998 tur
353 933 497 1013 Scythiae
518 933 603 992 iuxta
625 931 804 993 Maeotidem
825 933 973 1012 paludem.
1022 935 1235 998 lixistirnautur
1257 938 1354 998 autern

162 1053 166 1056 ·
281 1054 352 1099 esse
376 1053 414 1096 ex
437 1051 539 1112 spuma
562 1030 705 1110 Cerberi,
729 1036 861 1112 quomis
885 1033 996 1094 fuderit
1016 1038 1186 1114 protractus
1208 1036 1246 1096 ab
1268 1035 1353 1097 ller-

228 1171 231 1176 -
281 1136 346 1196 cule
370 1135 398 1193 in
419 1133 524 1193 breem.
579 1132 708 1192 Acouita
737 1136 834 1192 autem
863 1151 976 1208 graece
1007 1135 1144 1196 acautis
1165 1137 1281 1196 nomine
1303 1136 1353 1196 di-

281 1236 397 1294 cuntur.
441 1231 496 1292 llla
519 1230 595 1290 enirn
618 1225 713 1308 ἀκόνη
737 1231 916 1308 appellatur.
1361 1236 1383 1296 5

346 1331 418 1392 158.
450 1333 493 1390 An
512 1346 589 1390 mare
602 1329 680 1407 quod
702 1347 793 1409 supra
806 1349 974 1405 memorem,
997 1329 1135 1409 quodque
1150 1330 1244 1392 adluit
1256 1326 1353 1392 inira?

272 1429 388 1506 (lingit
416 1427 531 1489 ltaliam
561 1446 580 1488 a
609 1431 813 1506 septentrione
847 1429 1021 1490 Adriatieus
1049 1431 1148 1506 sinus,
1184 1449 1202 1490 a
1232 1431 1353 1490 meridie

282 1531 413 1591 'luseum
432 1548 520 1590 mure.
567 1525 751 1590 Adriaticum
774 1517 913 1606 superum
940 1530 1126 1608 appellatur,
1155 1530 1285 1592 Tuscum
1307 1532 1352 1590 lu·
1459 1605 1465 1616 ι

283 1632 385 1690 lerum.
1126 1624 1138 1636 “

347 1708 419 1793 Ι159.
504 1727 592 1789 Anne
615 1728 696 1806 lacus
710 1732 828 1810 tantos,
852 1733 899 1809 te,
921 1729 989 1791 Lari
1011 1734 1153 1809 maxime,
1176 1730 1267 1814 teque
1363 1727 1405 1796 ¹0

484 1815 640 1890 ''lluctibus
656 1834 687 1891 et
699 1832 815 1892 sternite
826 1833 998 1908 adsurgens
1015 1833 1132 1894 llenace
1149 1829 1285 1895 marino?

281 1927 415 2006 Vterque
436 1928 519 1986 lacus
541 1931 589 1988 est
611 1931 640 1988 in
662 1932 763 1992 ltalia:
793 1931 900 1992 Lar-itus
913 1932 1056 1992 lnsubres
1069 1936 1166 2010 tangit
1188 1936 1219 1994 et
1240 1950 1352 2012 perue-

275 2031 325 2090 nit
347 2044 439 2107 usque
462 2027 491 2086 in
515 2025 635 2088 Comum
659 2031 814 2107 oppidum:
838 2031 976 2090 Benacus
997 2035 1056 2108 est,
1080 2049 1121 2090 ex
1144 2050 1200 2110 quo
1224 2033 1352 2092 Mincius

281 2129 387 2187 llunuen
409 2125 557 2204 nascitur,
580 2128 658 2206 quod
671 2113 863 2206 'praeterfluit
885 2129 1047 2190 lllantuanr.

346 2227 417 2290 16⁷.
462 2225 546 2288 Haec
569 2246 666 2304 genus
689 2247 758 2291 acre
778 2231 871 2290 uirum
885 2230 1005 2290 lllarsos
1021 2230 1189 2308 pubemque
1202 2228 1353 2290 Sabellam
1363 2223 1403 2284 15

460 2325 676 2408 adsuetumque
696 2329 772 2388 nralo
798 2329 942 2406 Ligurem
965 2329 1153 2410 Volscosque
1175 2333 1297 2391 uerutoa

461 2429 580 2490 extulit.
1291 2423 1295 2428 ’

280 2523 395 2592 Sabelli
423 2544 502 2602 gens
532 2529 581 2586 est
609 2525 726 2587 ltaliae.
771 2526 885 2607 Appuli
914 2527 1004 2612 iidem
1033 2524 1219 2604 appellantur
1245 2528 1352 2587 Dauni.

283 2629 386 2689 Volsci
408 2628 506 2687 ueruti
529 2629 596 2688 ideo
617 2625 768 2702 (licuntur,
800 2627 878 2706 quod
907 2625 1065 2686 dolonibus
1086 2627 1116 2686 in
1136 2627 1250 2706 proelio
1273 2627 1352 2688 soliti

157 2764 160 2767 ·
279 2731 341 2795 sint
363 2730 414 2789 nti
701 2758 704 2763 ·
1358 2724 1402 2798 2²0

279 2876 282 2881 .
345 2832 415 2891 176.
459 2829 683 2909 Ascraeumque
704 2848 777 2891 enno
800 2829 934 2890 lbomnna
954 2838 1013 2909 per
1035 2828 1147 2907 oppida
1168 2846 1295 2889 carmen.

280 2928 378 2989 Ascra
401 2930 482 2989 uicus
505 2932 553 2991 est
567 2931 726 3007 Boeotiae,
749 2921 777 2990 in
792 2948 850 3009 quio
874 2931 1063 2989 existimatur
1085 2933 1171 2988 natus
1190 2927 1351 3003 Hesiodus,

280 3032 328 3108 qui
351 3030 473 3106 scripsit
497 3031 623 3089 carmina
646 3046 722 3109 quae
746 3028 881 3088 dicuntur
903 3024 977 3108 ἔργα
1001 3026 1053 3088 καὶ
1083 3021 1214 3110 ἡμέραι,
1236 3045 1295 3106 quo
1312 3027 1351 3086 li-

280 3130 335 3187 bro
365 3131 432 3203 agri
461 3145 578 3208 quoque
608 3128 705 3186 cultus
735 3129 877 3187 rationem
907 3127 1048 3203 stringit,
1078 3128 1109 3185 et
1130 3127 1200 3186 ideo
1224 3144 1258 3186 ae
1281 3126 1352 3187 dlcil

279 3228 444 3289 Ascraeum
467 3244 584 3285 cannen
607 3224 763 3299 Vergilius
793 3243 847 3301 per
868 3224 1001 3285 ltonrana
1023 3225 1136 3301 oppida
1158 3240 1276 3287 canere.
1361 3214 1406 3275 25

347 3329 418 3389 192.
486 3324 561 3385 llinc
582 3324 691 3397 laticis,
714 3322 829 3401 qualem
851 3325 966 3399 pateris
988 3324 1113 3383 libamus
1134 3327 1165 3384 et
1185 3341 1267 3400 auro,

482 3425 595 3487 inilauit
617 3443 681 3486 cnm
702 3423 825 3501 pinguis
855 3421 930 3481 ebur
951 3422 1130 3499 'l'yrrbenus
1150 3424 1187 3481 ad
1210 3441 1288 3483 aras.

281 3528 409 3605 Pinguis
432 3525 611 3603 Tyrrhenus
634 3524 754 3583 Tuscus
777 3521 886 3583 tibicen
909 3520 1110 3595 significatur,
1133 3520 1181 3579 uel
1201 3521 1352 3599 quoduon

279 3630 321 3688 'sit
342 3627 460 3688 subtilis
484 3627 593 3687 musice
615 3622 834 3699 barbarafuel
858 3619 936 3701 quod
961 3621 1092 3677 trrnrennt
1113 3617 1225 3678 buccae
1246 3617 1352 3675 inilan-
1400 3604 1405 3614 ’
1474 3665 1476 3668 .

152 3752 155 3759 ·
281 3730 320 3787 tis
344 3726 450 3803 tibias,
474 3742 550 3803 quiae
569 3722 773 3799 significantur
796 3722 889 3781 ebore
910 3720 1000 3778 dicto.
1350 3700 1397 3761 3⁰

350 3826 421 3887 197.
509 3822 612 3883 Saltus
635 3827 665 3883 et
687 3822 779 3881 sulani
804 3820 900 3898 petito
924 3818 1088 3895 longinqua
1111 3814 1246 3892 Tarenti,

505 3925 536 3982 et
558 3922 672 4001 qualem
697 3920 802 4005 inlelix
824 3918 923 3978 amisit
945 3916 1069 3976 Mantua
1092 3931 1234 3993 campum.

281 4028 442 4089 Tarentum
471 4022 611 4102 oppidum
639 4022 668 4081 in
701 4018 789 4081 ltalia
818 4016 1012 4078 condiderunt
1039 4014 1262 4086 Parthenidae,
1297 4004 1369 4067 boc'

317 4212 342 4258 1.
361 4205 491 4257 Meotida
509 4208 544 4259 V.
615 4212 708 4275 autem
729 4220 783 4255 om.
805 4207 833 4251 Ρ.
915 4201 940 4250 3.
960 4201 1120 4265 pertractus
1138 4196 1174 4243 V.
1244 4189 1353 4262 drean-

282 4293 407 4351 ti³l⁰m·
428 4292 468 4347 a.)
488 4295 518 4337 P·
587 4290 612 4340 5.
633 4302 741 4339 aeonen
761 4284 952 4352 appellanti).
1020 4281 1046 4327 8.
1065 4274 1255 4340 appellantis.
1309 4270 1352 4321 11.

282 4374 386 4425 ssrrrrius
406 4373 530 4421 nuscitur
549 4373 595 4435 qui
614 4375 643 4425 Ρ.
663 4369 765 4421 ssurnreu
786 4368 875 4418 oritur
894 4362 968 4429 quod
986 4364 1019 4410 E.
1087 4358 1129 4405 15.
1148 4355 1209 4407 Nee
1226 4361 1255 4403 P.
1310 4356 1352 4403 18.
1410 4384 1413 4392 ·

283 4456 359 4509 idem
379 4456 413 4505 V.
482 4456 524 4503 2⁰.
544 4459 609 4503 arunt
627 4454 663 4501 V.
733 4442 1232 4519 23.ep21er:ergaxorproocl'·
1311 4436 1353 4487 3⁰·

285 4539 371 4589 ebure
392 4540 425 4586 V.

333 4652 409 4699 Keil,
432 4649 507 4694 Selom.
527 4648 548 4685 in
569 4644 632 4693 Verg.
1129 4624 1150 4679 4
1259 4684 1264 4700 t
