3534 5450
813 685 1029 746 ..qq-

384 877 452 916 uou.
496 854 560 916 Sed
581 855 618 914 iis
647 856 694 935 qui
719 855 793 914 duos
816 851 941 912 creduut
970 851 1044 910 haee
1074 865 1174 908 corum
1203 845 1337 925 epitheta
1367 850 1462 912 luisse

384 957 540 1036 persuasio
564 959 622 1018 est.
1175 974 1178 979 ¹
1498 939 1508 948 ⁸

449 1077 503 1138 92.
548 1073 635 1136 Talis
659 1073 779 1150 etipse
801 1069 897 1130 iuham
919 1067 1038 1128 ceruice
1056 1065 1159 1126 eh'udit
1181 1066 1289 1144 equina

543 1175 679 1252 coniugis
701 1173 830 1233 aduentu
852 1167 961 1249 pernix
982 1169 1141 1245 Saturnus,
1165 1170 1197 1226 et
1218 1166 1317 1227 altum·

355 1258 377 1319 5
544 1275 649 1337 Pelion
671 1275 782 1334 hinnitu
806 1273 927 1349 fugiens
949 1268 1084 1347 impleuit
1105 1270 1203 1330 acrrto.

388 1377 534 1440 Saturnus
562 1377 732 1455 Philyram,
764 1373 879 1436 Oceani
908 1373 939 1432 et
968 1369 1110 1448 Tethyos
1138 1368 1243 1445 liliam,
1278 1367 1465 1428 existimatur

387 1479 555 1555 adamasse,
577 1481 609 1540 ct
632 1496 695 1538 oum
719 1495 754 1537 ea
777 1494 812 1536 se
834 1475 981 1535 mutasset
1003 1473 1030 1533 iu
1054 1490 1171 1550 equam,
1195 1473 1226 1530 ut
1249 1486 1314 1529 enm
1335 1468 1463 1545 falleret,

386 1578 439 1640 illc
468 1597 585 1659 quoque
612 1581 643 1642 in
673 1598 778 1659 equum
806 1575 1036 1653 transfiguratus
1065 1590 1127 1633 eum
1150 1590 1186 1633 ea
1215 1572 1391 1634 concubuit:
1423 1587 1464 1630 ex

388 1681 493 1760 quihus
516 1682 671 1740 natusest
694 1678 823 1758 Chiron,
853 1677 1043 1739 doctissimus
1066 1677 1234 1736 centaurus.
1286 1671 1392 1734 Pelion
1415 1671 1464 1732 cst

339 1778 381 1842 10
389 1773 570 1841 Thessaliae
589 1798 682 1840 mons.

455 1899 525 1960 122.
568 1897 756 1976 Neptunique
779 1898 845 1975 ipsa
863 1894 1006 1956 deducat·
1017 1893 1135 1991 origlqe
1159 1893 1293 1968 gentem.
1319 1914 1323 1921 ·

389 1998 546 2076 Neptunus
577 1996 681 2059 Cereri
710 2017 773 2060 cum
803 1999 859 2058 uim
888 1997 1006 2078 adicere
1035 1988 1149 2073 nollet,¹
1172 2011 1209 2054 ea
1238 2011 1272 2053 se
1301 1991 1329 2051 in
1360 2008 1463 2072 equam

388 2099 629 2178 transfigurauit:
652 2091 741 2159 nihilo
757 2099 851 2158 urinas
865 2099 984 2177 incepto
999 2116 1056 2158 non
1073 2097 1190 2158 destitit
1208 2095 1365 2174 Neptunus
1381 2109 1464 2157 eam·
1490 2172 1493 2179 ἱ

389 2219 447 2281 quc
470 2203 512 2261 ita
532 2201 726 2278 compressit,
751 2200 828 2279 quod
851 2217 949 2278 genus
973 2218 1112 2277 equorum
1135 2199 1205 2259 inde
1226 2195 1361 2278 proditur
1383 2212 1464 2254 esse.

339 2307 382 2409 15
457 2318 527 2380 113.
570 2314 686 2377 Primus
709 2315 918 2379 Erichthonius
939 2335 1042 2378 currus
1065 2317 1257 2396 etquattuor
1283 2332 1373 2374 ausus

476 2497 480 2506 ἱ
570 2419 699 2495 iungere
722 2437 833 2500 equos,
856 2418 1037 2500 rapidusque
1060 2419 1135 2479 rotis
1158 2418 1297 2478 insistere
1320 2417 1421 2477 uictor.

570 2519 666 2582 Frena
688 2520 870 2584 Pelethronii
891 2519 1038 2599 Lapithae
1060 2536 1216 2598 gyrosque
1238 2517 1359 2579 dedere.

390 2618 600 2686 Erichthonius
614 2623 754 2685 Electrae
777 2627 808 2686 et
822 2603 903 2683 louis
917 2621 995 2683 filius
1019 2622 1090 2706 tuit:
1115 2620 1169 2681 sed
1183 2619 1268 2680 huius
1282 2639 1367 2680 nunc
1382 2634 1465 2677 men-

392 2723 433 2784 tio
456 2742 513 2783 non
538 2728 603 2802 est,
627 2723 683 2785 sed
705 2723 811 2803 Attici,
835 2723 960 2787 Vulcani
982 2723 1034 2784 tilii
1057 2726 1089 2785 et
1110 2727 1210 2785 terrae
1232 2721 1251 2755 ⁴*
1265 2721 1283 2755 ³⁵
1298 2720 1317 2754 ⁴*
1336 2739 1398 2782 cum
1414 2701 1493 2781 cu?

340 2814 518 2903 20pirlitatc
547 2827 610 2885 eius
638 2828 734 2904 putris
764 2826 902 2893 luctando
932 2827 1093 2888 inualuisse
1115 2824 1271 2887 Mineruae
1293 2840 1347 2900 per
1370 2824 1465 2884 certa-

393 2925 469 2985 mina
491 2929 577 2985 natus
600 2916 661 3004 est,
691 2947 708 2989 a
730 2932 810 2990 terra
834 2934 865 2989 ct
896 2948 914 2989 a
942 2929 1102 2991 certamine
1129 2924 1336 2987 Erichthonius
1360 2924 1490 2984 dietus⁸¹

392 3024 510 3085 Primus
538 3030 633 3089 autem
657 3030 761 3091 dieitur
784 3012 940 3111 quadrigis
971 3050 1060 3108 nsua,
1091 3048 1148 3110 quo
1178 3026 1331 3088 decentius
1353 3025 1468 3087 celaret

393 3126 489 3206 pedes
512 3130 658 3204 anguinos
681 3150 765 3191 suos.
807 3131 955 3212 Lapithae
977 3136 1058 3193 natio
1081 3134 1129 3189 est
1151 3128 1382 3204 'Plrrrssalorum²
1404 3126 1467 3185 Pe-

392 3228 532 3289 lethronii
555 3228 662 3293 diutia
685 3230 770 3311 luco,
798 3235 848 3315 qui
870 3234 1020 3295 subiectus
1044 3249 1113 3292 esse
1135 3230 1219 3291 Pelio
1242 3230 1329 3289 monti
1353 3228 1470 3306 dieitur,

342 3330 431 3397 25ab
462 3349 496 3392 eo
519 3333 597 3413 quod
624 3334 899 3396 medicamentorum
931 3353 1039 3411 nragna
1066 3334 1110 3393 uis
1139 3334 1177 3393 ihi
1204 3334 1359 3409 nascatur,
1391 3348 1466 3410 quae

393 3432 498 3509 graeci
511 3434 776 3513 γλωσσηματικῶς
790 3432 895 3517 θρόνα
918 3438 1035 3496 uocant.
1067 3434 1170 3494 Pelion
1188 3439 1286 3495 autem
1296 3435 1350 3512 [est
1365 3434 1468 3503 eadem

392 3532 497 3611 lingua
519 3533 646 3595 liuidum.
700 3536 845 3617 Lapithae
867 3556 943 3616 crgo
966 3538 1049 3617 primi
1073 3537 1281 3596 existimantur·
1299 3517 1467 3616 equitasse,

395 3641 426 3697 et
450 3640 481 3697 ut
504 3636 712 3729 Palaephatus
731 3639 758 3699 in
782 3640 858 3699 lihro
878 3636 1032 3699 Ἀντίστιον
1055 3641 1115 3719 ait,
1148 3640 1213 3701 eius
1236 3639 1346 3716 gentis
1367 3638 1467 3715 utiquc

397 3734 442 3817 [et
464 3736 512 3796 hei
533 3756 588 3813 pro
605 3736 634 3794 hi
649 3736 850 3819 diphthongus
874 3738 1064 3824 est‘graoca]
1089 3743 1108 3803 ii
1131 3743 1178 3822 qni
1201 3743 1230 3801 in
1252 3738 1391 3819 Nephele
1415 3756 1468 3798 ua-

428 3938 453 3985 1.
474 3950 538 3986 esse
558 3938 592 3985 V.
662 3951 825 4003 persuasum
848 3946 877 3993 E·
947 3944 972 3994 3.
992 3942 1113 3995 effundit
1132 3945 1166 3992 V.
1237 3938 1262 3989 d.
1282 3924 1491 3990 aduentuma'

396 4024 508 4073 'l'urnus
530 4028 558 4072 et
577 4023 613 4073 V.
695 4025 719 4077 6.
744 4026 830 4077 liliam
851 4022 1311 4090 oceaniet'l'hetidisphylirnm
1329 4028 1365 4070 P:
1412 4026 1468 4075 Te·

394 4105 462 4158 thiis
482 4108 517 4157 V.
587 4109 629 4158 12.
650 4122 711 4161 cum
733 4112 831 4162 Cereri
851 4116 881 4159 Ρ.
951 4114 994 4162 13.
1014 4114 1127 4176 inceptu
1146 4110 1181 4159 V.
1203 4124 1258 4156 uon
1277 4109 1311 4169 E,
1331 4122 1387 4158 um.
1409 4112 1440 4160 V
1440 4114 1468 4159 P·

416 4193 472 4245 dd.
492 4194 530 4242 itu
550 4209 605 4244 oua
626 4196 661 4245 V.
730 4194 771 4244 16.
791 4193 954 4258 rapidisque
973 4201 1001 4243 P.
1072 4195 1114 4244 17.
1135 4190 1282 4243 Piretruuii
1301 4192 1320 4241 i.
1340 4208 1378 4242 m.
1398 4191 1469 4245 Phe-

394 4276 510 4329 letronii
532 4279 565 4326 V.
625 4278 667 4330 19.
687 4282 834 4327 lacunam
850 4275 991 4329 indicauit
1009 4276 1181 4329 Drrebnerurs.
1249 4278 1292 4325 zo.
1312 4276 1469 4329 inuaiuisse

393 4360 555 4429 Mineruae]
580 4364 634 4412 uhu
654 4359 793 4410 uoluisset
809 4358 917 4412 inferre
935 4364 967 4413 Ε.
1021 4362 1063 4415 nl.
1083 4364 1188 4415 dicitur
1206 4379 1261 4413 ona.
1283 4364 1312 4413 P.
1371 4362 1414 4413 ²5.
1434 4378 1469 4413 eo

395 4446 483 4515 quod]
506 4461 599 4512 euque
617 4448 649 4493 P.
686 4440 770 4509 quae]
793 4444 869 4512 quud
890 4448 923 4495 V.
1012 4448 1055 4502 26.
1073 4448 1292 4515 glossematicus
1312 4450 1343 4511 P,
1361 4447 1468 4513 glosse-

395 4532 491 4583 runtici
513 4533 548 4582 V.
595 4533 678 4577 crona
697 4528 727 4587 Ρ,
749 4532 853 4599 θρονον
872 4532 907 4581 V.
956 4539 1059 4584 uocant
1078 4536 1185 4585 onaV.
1275 4534 1319 4582 27.
1338 4531 1470 4584 ’Λπὶστων

395 4614 573 4668 Ilrrehrrcrurs:
592 4609 701 4662 ariston
720 4612 803 4663 VPE.
874 4615 918 4668 29.
940 4625 968 4669 et
988 4616 1107 4670 hel—ii
1130 4619 1177 4684 qui
1198 4634 1253 4670 one.
1273 4618 1329 4671 PE.
1395 4628 1404 4645 '
