3534 5450
808 668 1025 724 -mr-

384 826 540 903 margine,
565 827 615 908 qui
637 827 666 890 iu
691 827 834 892 interiore
858 831 1088 910 niemiranarnm
1111 834 1196 912 parte
1220 836 1286 908 est,
1306 836 1359 893 ant
1380 833 1457 895 tuter
1531 890 1534 895 ,

383 925 478 988 tineas
500 926 614 990 solrotiu
636 929 765 1009 nsmiptn
786 937 864 995 sunt.
912 933 1041 1012 Vergttii
1063 935 1191 998 earmina
1213 934 1322 996 titteris
1344 935 1456 996 mnins-

382 1025 457 1088 euiio
478 1027 633 1092 admodum
655 1031 813 1110 eleganter
835 1037 950 1115 soriptn
968 1039 1047 1112 sunt,
1070 1035 1186 1119 oetrotia
1201 1035 1291 1098 ιιιιιιιιι
1304 1037 1456 1113 minorem,

383 1128 437 1190 sert
468 1131 591 1192 eandem
621 1150 679 1196 non
706 1135 800 1196 minus
827 1135 999 1216 elegantem
1024 1139 1198 1218 scripturam
1229 1141 1260 1200 et
1289 1137 1455 1201 titterarum

382 1231 504 1292 turmam
521 1233 564 1294 arl
593 1233 781 1298 minusculum
808 1239 887 1318 quorl
907 1240 1015 1303 dieitur
1044 1259 1145 1319 genus
1167 1240 1453 1303 noeedentemmut·

381 1333 421 1396 tia
443 1337 581 1396 tamenn
609 1337 770 1401 mainsenio
798 1339 913 1402 relietis
942 1341 1098 1404 exhibent.
1150 1340 1335 1422 Gompeutia
1357 1343 1453 1404 notem

378 1436 544 1514 seripturae
571 1455 609 1498 ne
636 1438 665 1500 in
693 1438 816 1504 suintits
852 1443 969 1524 quidem
998 1441 1193 1506 animaduerti
1228 1445 1351 1522 praeter
1379 1441 1454 1504 tmee

379 1553 519 1616 uuaz-n.
542 1555 685 1636 pro-lma,
708 1577 739 1639 q,
762 1577 816 1638 pro
839 1577 909 1640 que,
933 1554 988 1640 q'i,
1012 1553 1067 1640 qvo
1090 1564 1149 1621 ote.
1163 1577 1220 1638 pro
1234 1560 1296 1640 qui,
1317 1577 1377 1641 quo
1391 1561 1451 1622 ete.

380 1654 545 1737 Vtrumque
573 1662 687 1737 nutem,
718 1662 749 1721 et
778 1659 892 1721 eutrotia
921 1665 953 1722 et
981 1659 1076 1720 nertin
1096 1663 1225 1741 poetae,
1247 1661 1318 1741 quin
1339 1661 1391 1721 aut
1413 1661 1451 1721 atr

378 1758 483 1820 eodem
504 1747 623 1822 titrrario
646 1763 697 1822 ant
720 1761 824 1822 eodem
848 1765 931 1822 uerte
952 1764 1088 1842 tempore
1107 1763 1219 1841 seripta
1240 1763 1302 1824 sint
1322 1781 1381 1824 non
1403 1768 1452 1824 est

377 1875 429 1923 eur
451 1861 612 1924 dubitetur.
655 1861 777 1923 Mediae
794 1863 876 1924 inter
896 1861 1068 1924 Vatioanum
1090 1866 1123 1926 et
1143 1863 1311 1925 Metieeum
1334 1861 1448 1940 Vergi-

376 1964 407 2026 lii
433 1963 564 2025 euticem
587 1964 696 2044 aetati,
727 1963 786 2027 hoe
808 1968 857 2026 est
877 1963 1000 2024 saeonto
1023 1966 1149 2044 quarto,
1172 1965 1349 2042 scripturam
1372 1981 1448 2027 oon-

373 2065 476 2129 uenire
499 2083 556 2128 nou
579 2065 813 2147 improbabiliter
835 2066 951 2128 censuit
974 2065 1090 2146 Maius,
1114 2067 1170 2129 nioi
1194 2068 1271 2148 qnod
1295 2066 1383 2127 natte
1398 2067 1448 2128 in-

373 2171 486 2230 eertum
516 2167 554 2228 (te
582 2166 746 2229 huiusmodi
776 2165 927 2228 codicibus
949 2167 1086 2230 iudieinm
1117 2187 1188 2229 esse
1210 2168 1299 2229 solet.
1350 2167 1447 2246 Mag-

373 2285 438 2330 nam
462 2272 559 2330 nutem
580 2269 699 2348 antiquo
719 2267 866 2346 seriptum
888 2288 906 2330 a
930 2270 1098 2331 recentiore
1119 2288 1212 2349 passu
1232 2271 1445 2332 estinoturam.

372 2369 534 2433 Nemeum
558 2387 665 2455 uersus
693 2388 750 2432 uon
781 2371 964 2438 transuersis
987 2370 1114 2449 eirartis,
1147 2371 1204 2432 ned
1228 2371 1333 2433 nortem
1354 2373 1446 2452 atque

372 2473 401 2534 in
421 2471 588 2552 antiquiore
609 2472 758 2551 seriptum
781 2471 888 2536 iactum
909 2474 975 2533 erot
996 2473 1100 2534 ordine
1120 2476 1319 2554 ponerentur,
1350 2491 1445 2552 saepe

370 2573 479 2637 neoidit
502 2576 534 2635 ut
555 2574 611 2636 tuti
633 2591 738 2635 uersus
761 2575 951 2651 tegerentur.
1006 2572 1093 2660 Quot
1116 2594 1181 2637 eum
1203 2577 1297 2637 minuo
1318 2573 1444 2638 obesset

369 2677 398 2739 in
420 2675 530 2739 maiore
550 2693 684 2739 uersuum
707 2674 947 2755 Vergilianurum
969 2679 1135 2757 seriptum,
1159 2696 1236 2759 qnae
1257 2678 1333 2740 satis
1353 2677 1442 2739 ettam

369 2780 425 2841 ani
446 2780 559 2842 recenti
582 2782 729 2859 seriptum
750 2781 885 2861 apparet,
908 2780 1012 2839 eontra
1034 2776 1225 2839 uehementer
1237 2778 1337 2839 nuenit
1348 2777 1441 2837 seho-

368 2880 436 2959 tiis,
457 2883 635 2962 praesertim
657 2902 720 2966 oum
742 2882 929 2945 recentiores
958 2878 1078 2940 titterae
1103 2890 1233 2957 uragnne
1255 2882 1288 2940 ot
1308 2880 1440 2958 pingues

368 2984 446 3062 sint,
476 2983 517 3044 ito
547 2984 579 3045 ut
606 2983 666 3045 iilis
695 2983 835 3047 obtinetis
865 2980 936 3043 nitrii
966 2981 1032 3041 iere
1062 2982 1101 3041 rte
1126 2982 1236 3041 nrinutu
1260 2978 1438 3042 setrottorum

366 3086 517 3164 seriptum
544 3086 689 3163 eognnsei
719 3088 819 3166 quent.
868 3084 987 3146 Deinde
1015 3083 1192 3145 membranis
1220 3086 1252 3143 ut
1273 3083 1310 3143 ari
1333 3100 1438 3143 nuruum

366 3187 496 3251 oodioem
518 3188 807 3249 nooommotarentur
833 3186 1015 3249 eirenmoisis
1043 3186 1172 3247 mattae
1199 3182 1335 3263 aohotiio,
1359 3201 1437 3265 quae

281 3326 282 3329 ¹
366 3290 486 3354 ultimos
507 3290 738 3352 membranarum
767 3289 922 3367 margines
940 3288 1125 3365 tangebant,
1156 3288 1318 3367 perierunt.
1362 3285 1437 3345 Nam

363 3392 537 3470 nomentum
557 3393 585 3452 in
616 3392 771 3473 superiore
797 3390 934 3467 margine
956 3389 1013 3450 toti
1034 3407 1141 3449 uersus
1166 3388 1313 3465 intertum
1336 3388 1435 3464 perte·

362 3498 448 3577 runt,
479 3495 535 3556 sed
556 3495 708 3557 exteriore
730 3492 817 3553 etium
840 3491 994 3568 margine,
1026 3506 1092 3549 enm
1113 3488 1180 3549 dieo
1198 3489 1253 3567 qni
1274 3489 1352 3549 inter
1371 3488 1433 3548 sin-

308 3668 311 3673 ,
361 3600 500 3679 gutorum
522 3614 657 3657 uersuum
679 3598 730 3656 not
752 3594 862 3656 initium
883 3595 936 3652 ant
956 3590 1041 3651 tinem
1064 3592 1096 3650 et
1117 3590 1280 3650 extremam
1303 3585 1433 3667 ipsaru'm

359 3700 590 3761 membranarum
613 3714 693 3757 oram
717 3696 840 3759 retiutns
861 3696 926 3772 est,
955 3690 1128 3754 eirenmeiso
1150 3707 1253 3751 onmes
1273 3692 1339 3752 iere
1360 3708 1432 3751 uer-

359 3818 414 3871 sus
436 3802 488 3861 aut
508 3798 537 3858 in
559 3797 642 3859 initio
665 3800 716 3859 ont
732 3797 765 3858 in
788 3798 845 3858 tine
864 3796 980 3877 aliquot
1000 3792 1110 3854 titteris
1123 3792 1254 3853 timinuti
1268 3797 1348 3853 sunt.
1369 3792 1432 3853 De·

360 3902 450 3983 nique
471 3888 702 3979 medieameuta,
725 3900 832 3980 quibus
854 3898 893 3959 ot
913 3897 1059 3977 antiquam
1079 3896 1255 3973 scripturam
1268 3895 1432 3956 rourum-

361 4005 427 4067 dnm
454 4004 543 4067 caute
571 4020 644 4061 usne
673 4004 723 4063 est
743 3999 862 4077 Maius,
891 4017 960 4061 raro
982 3997 1158 4059 membranis
1179 3996 1358 4057 detrimento
1380 3995 1430 4055 iu-

356 4108 455 4171 emnt.

462 4206 495 4268 Ιιι
523 4200 730 4267 describendis
761 4202 858 4263 antem
879 4197 1003 4260 soiroliio
1025 4200 1067 4260 ita
1088 4200 1227 4258 uersotao
1248 4198 1299 4258 est
1319 4195 1428 4274 Maius,

359 4312 392 4370 ut
411 4306 529 4368 omitum
558 4308 596 4369 iis
627 4306 675 4388 qui
703 4305 773 4383 pont
794 4318 860 4361 eum
882 4300 1012 4361 eotioem
1042 4298 1205 4373 diiigenter
1226 4298 1430 4359 examinarent

296 4435 300 4445 ·
357 4408 551 4489 relinqueret.
594 4410 668 4471 Nam
692 4422 747 4469 nee
768 4405 900 4480 tarnum,
922 4418 997 4481 quas
1011 4398 1152 4479 piurimaa
1165 4416 1236 4462 esse
1249 4401 1279 4460 in
1295 4417 1331 4460 ea
1345 4413 1429 4478 quaro

358 4510 487 4591 exposui
519 4508 629 4571 oodtois
660 4506 833 4571 condicione
856 4518 982 4565 neeesse
1000 4504 1064 4579 est,
1086 4500 1128 4562 ita
1151 4505 1184 4563 ιιι
1202 4502 1241 4563 ιιι
1264 4500 1428 4561 litterarum

978 4608 998 4642 Ι
