3534 5450
282 827 287 852 Ι
372 907 374 916 .
431 864 530 926 iereiu
552 863 749 944 interceptum
770 863 798 925 iu
821 866 930 928 terram
953 863 1120 928 deierehat
1164 863 1272 926 Furem
1292 859 1428 942 iuppiter
1446 864 1504 926 ie*

431 969 625 1048 moechatur.
654 961 740 1030 ,Sed
763 961 831 1041 iiie,
858 963 910 1044 qui
931 983 988 1027 non
1008 969 1116 1044 posset
1135 965 1320 1043 perfugere,
1341 965 1371 1025 in
1391 964 1503 1028 siiieeru

437 1067 577 1136 iereiem.
592 1066 697 1134 adiisit
714 1065 814 1144 ¹eique
842 1065 944 1140 ignem
965 1064 1190 1129 commendauit.
1234 1063 1268 1124 id
1288 1081 1385 1141 aegre
1407 1065 1505 1128 tereus

433 1167 568 1248 iuppiter
595 1170 625 1230 in
654 1167 753 1228 moute
782 1155 919 1227 Caucaso
947 1182 1013 1226 euru
1042 1165 1158 1226 huminis
1178 1164 1313 1244 patihuio
1339 1164 1446 1226 adfixit
1474 1168 1505 1244 ei

405 1258 576 1330 nadirhett
596 1265 752 1342 uuiturero,
775 1264 825 1343 uui
847 1278 904 1326 eor
924 1264 990 1326 eius
1011 1263 1170 1330 exederet·
1212 1263 1299 1332 Hunc
1312 1265 1430 1344 quidem
1441 1267 1504 1340 uei·
1563 1270 1565 1274 ’

435 1371 532 1430 turem
563 1365 709 1429 nemetes
739 1364 907 1442 interemit,
935 1362 1142 1426 Prometheum
1171 1363 1439 1443 tuneniihemre,
1469 1372 1504 1428 ne

436 1467 603 1530 offenderet
618 1466 758 1544 patrem,
778 1463 885 1528 timuit.
927 1463 995 1526 Sed
1016 1466 1126 1542 postea
1146 1463 1345 1528 Prometheus
1365 1464 1505 1535 iouema

408 1567 594 1632 ’concubitu
616 1563 773 1641 deterruit,
794 1563 997 1642 pronuntians,
1020 1563 1101 1644 quod
1122 1580 1164 1628 ex
1182 1564 1230 1627 his
1251 1567 1434 1645 nasceretur,
1456 1567 1504 1648 qui

436 1668 516 1744 ipsis
537 1667 596 1728 diis
616 1665 721 1727 fortier
742 1665 860 1726 iuturus
881 1667 977 1727 esset.
997 1663 1069 1728 ,0h
1099 1662 1158 1726 hoe
1179 1664 1352 1727 heneiioiuto
1373 1664 1511 1746 iuppiter·

388 1753 506 1826 1⁰eum
528 1765 630 1828 soluit.
673 1763 721 1826 Ne
743 1765 839 1826 temen
862 1764 1022 1841 impunitus
1044 1766 1144 1842 esset,
1175 1781 1314 1826 coronam
1340 1770 1373 1830 et
1393 1767 1508 1837 aonium

324 1921 329 1933 ,
437 1865 589 1944 ειεῐιιιᾱιι
617 1864 644 1928 ei
673 1862 814 1942 tradidit,
843 1866 875 1926 ut
902 1880 1000 1945 neque
1021 1864 1050 1926 in
1072 1862 1160 1927 anule
1188 1865 1258 1925 saxi
1279 1869 1330 1926 ant
1351 1867 1425 1928 terri
1442 1884 1507 1929 ere·

437 1966 531 2028 moria
553 1964 693 2042 deesset,
716 1965 748 2026 et
768 1963 800 2026 in
820 1970 931 2028 oorona
952 1963 1132 2028 uinesiornrn
1155 1964 1248 2028 formo
1263 1969 1446 2032 ,remuneret
1514 1974 1554 2016 Γι-

500 2081 554 2146 dh·
598 2079 654 2142 His
675 2080 817 2160 adiungit
832 2081 944 2160 Hylan.
987 2081 1189 2162 Argonautae
1209 2079 1351 2144 ,Colchos
1378 2084 1519 2162 migrem·
1621 2132 1623 2143 ,

439 2169 573 2244 tes'cum
594 2182 731 2261 euentum
755 2181 1001 2260 descendissent,
1029 2183 1143 2262 Hyias,
1174 2181 1399 2245 Thiodamaetis
1420 2183 1510 2265 iiiios,
1621 2226 1622 2229 κ

390 2274 433 2339 15
443 2281 491 2360 qui
513 2281 542 2340 in
568 2281 683 2342 dediciis
705 2279 844 2341 Herculis
867 2285 949 2360 erat,
970 2281 1009 2342 nd
1031 2281 1141 2343 iontem
1164 2284 1244 2346 uenit
1264 2287 1297 2347 et
1316 2283 1471 2355 adamatus
1489 2301 1512 2344 a
1621 2292 1623 2307 ⁸

439 2379 579 2459 nymphis
600 2380 752 2442 immersus
775 2384 833 2444 cst.
877 2381 1046 2462 Hapropter
1067 2380 1216 2444 Hercules
1237 2386 1322 2465 sequi
1344 2382 1511 2462 Argonau-

440 2483 489 2543 ms
511 2481 615 2561 noiuit,
637 2482 717 2564 qued
738 2482 934 2562 indiligentes
957 2483 1154 2546 eustodiendo
1168 2485 1265 2549 comiti
1279 2504 1334 2546 suo
1350 2486 1490 2548 inissent.
1546 2492 1550 2498 '
1572 2483 1580 2489 ’
1621 2514 1622 2517 “

503 2601 556 2662 18.
601 2599 771 2677 Proetides,
794 2597 898 2660 Proeti
921 2600 1006 2676 regis
1020 2598 1204 2678 Argiuorum
1226 2601 1315 2664 tiliae.
1359 2601 1513 2663 Hesiodus
1621 2594 1622 2627 ³

442 2699 531 2765 docet
551 2718 592 2760 ex
608 2700 720 2763 Proeto
742 2702 773 2763 ct
790 2698 985 2762 Stheneboea
1006 2697 1264 2781 Aurphidamahtis
1289 2705 1376 2765 natm
1501 2744 1513 2764 .

390 2788 523 2878 20Has,
553 2801 632 2879 quod
655 2800 773 2862 iunonis
797 2803 1034 2880 contempserant
1055 2819 1176 2877 nurrucn,
1205 2802 1318 2861 insania
1339 2804 1517 2882 exterritas,
1621 2783 1623 2840 f

442 2917 519 2980 quae
547 2900 703 2963 crederent
731 2918 765 2961 se
792 2900 888 2961 hones
917 2897 1030 2975 iactas,
1058 2900 1184 2977 patriam
1206 2899 1314 2977 Argos
1342 2900 1516 2981 reiiquisse,

440 3001 548 3079 postea
570 2998 800 3078 uM‘eIampode,
824 2998 1020 3078 Amythaonis
1042 2998 1113 3078 iiiio,
1134 3002 1256 3061 sanatas
1277 3002 1319 3063 ita
1340 3003 1383 3075 ait
1405 3041 1493 3063 ....
1581 3000 1586 3006 '

505 3117 558 3181 61.
603 3116 680 3180 Ture
705 3120 784 3181 canit
797 3118 997 3197 Hesperidum
1010 3117 1141 3179 miratam
1156 3118 1385 3197 malapueilueu.
1428 3117 1517 3179 Aia-

353 3234 357 3239 ·
441 3215 567 3297 lentam,
594 3216 743 3281 Schoenei
765 3220 871 3298 hiiam,
900 3220 1046 3297 uirginem
1075 3220 1289 3282 uelocissimum
1317 3220 1398 3282 multi
1420 3222 1516 3299 pete·

391 3306 525 3381 25baet.
568 3318 787 3397 Praeseriptum
811 3322 859 3382 est
887 3324 1031 3398 apatre,
1063 3324 1096 3381 ut
1121 3322 1147 3381 is
1174 3319 1316 3401 haheret,
1346 3320 1396 3400 qui
1423 3337 1518 3383 cursu

443 3420 636 3494 superasset,
660 3421 691 3479 et
713 3420 809 3479 uictus
830 3421 976 3481 interiret.
1020 3419 1106 3480 Tunc
1134 3420 1290 3495 indignata
1312 3420 1414 3481 Venus
1441 3436 1519 3483 esse

443 3512 589 3595 aliquaue,
619 3535 695 3598 quae
723 3518 847 3581 ioedera
877 3521 973 3597 ipsius
1001 3520 1147 3596 nesciret,
1174 3517 1293 3582 hortata
1322 3524 1371 3583 est
1392 3521 1520 3600 Hippo-

256 3656 265 3665 ,
319 3630 323 3635 ·
443 3632 577 3695 euenere,
608 3620 640 3677 ut
662 3638 726 3681 eam
755 3624 877 3699 peieret
897 3602 1038 3696 uxorem,
1068 3619 1209 3698 deditque
1237 3620 1294 3680 tria
1316 3621 1391 3682 mala
1413 3638 1520 3701 aurea,

302 3705 309 3717 “
443 3713 524 3778 iectu
546 3717 585 3777 de
607 3720 726 3795 arhere,
748 3737 835 3797 quam
853 3718 1044 3798 Hesperides
1066 3721 1148 3780 trans
1170 3717 1318 3781 Oceanum
1339 3721 1521 3783 seruabant.

394 3800 519 3879 ³00um
542 3814 590 3877 his
612 3816 697 3879 maiis
718 3833 833 3883 cursum
853 3818 1057 3901 Hippomenes
1092 3818 1220 3885 intendit
1248 3825 1281 3885 et
1308 3821 1367 3899 itu,
1395 3825 1428 3883 ui
1450 3826 1524 3885 erat

511 4010 538 4059 i.
557 4015 650 4061 terras
667 4014 697 4060 Ρ.
718 4060 720 4064 ,
769 4013 941 4080 sequebatur
954 4020 990 4068 V.
1057 4017 1083 4065 2.
1096 4015 1297 4083 subterfugere
1309 4020 1339 4065 Ρ.
1355 4013 1524 4087 (recingere

445 4088 568 4149 Duceni
637 4092 662 4142 d.
681 4090 726 4159 id]
750 4094 800 4146 sed
818 4102 848 4145 Ρ.
911 4098 936 4148 1.
956 4113 1020 4152 eum
1038 4116 1095 4151 om.
1110 4105 1141 4148 Ρ.
1200 4098 1302 4155 lamnis
1322 4102 1378 4151 VP.
1439 4103 1468 4153 5.
1488 4112 1526 4162 ot

446 4172 546 4225 ederet
562 4178 593 4223 Ρ.
666 4174 691 4227 6.
717 4184 811 4229 tanuen
830 4194 886 4231 em.
906 4182 943 4231 V.
1013 4185 1039 4233 7.
1059 4181 1226 4236 estenderet
1243 4186 1280 4235 V.
1349 4185 1392 4236 1².
1411 4187 1528 4241 retia.

444 4263 490 4309 ret
508 4260 544 4309 V.
612 4258 655 4311 11.
673 4260 822 4328 Hyiasqrds
836 4263 1092 4317 Theodamantis?
1109 4264 1215 4333 (Hylas
1234 4267 1310 4333 qued
1325 4268 1529 4326 Thiodaman-

444 4340 483 4392 tis
500 4339 625 4405 Duebn.)
700 4346 743 4397 dh.
766 4345 826 4397 ihnt
845 4350 909 4402 VP,
972 4355 1003 4399 et
1021 4365 1076 4404 em.
1096 4352 1132 4402 V.
1209 4352 1253 4402 18.
1273 4352 1351 4406 hiduo
1370 4354 1449 4420 regia
1467 4354 1527 4405 nr-

445 4426 576 4494 giuurum
600 4432 630 4481 Ρ.
705 4428 920 4491 1⁹..i'roetheo
947 4433 984 4482 V.
1054 4432 1199 4491 Stenoirea
1224 4435 1279 4489 VP-
1348 4434 1528 4503 Aphtduutis

445 4507 674 4561 schneidewinos
691 4512 753 4563 coll.
773 4512 908 4587 Apolloni.
927 4516 978 4579 111,
991 4512 1016 4579 9,
1033 4517 1049 4567 1
1068 4524 1093 4567 ed
1109 4520 1146 4581 tl,
1163 4518 1189 4585 2,
1204 4518 1231 4571 3.
1302 4522 1346 4574 22.
1365 4518 1418 4587 nit]
1434 4527 1464 4571 tu
1479 4524 1519 4573 V
1514 4558 1526 4585 ,

445 4592 488 4643 nuti
511 4596 541 4641 Ρ.
609 4593 652 4647 id.
673 4594 811 4648 htiautem
831 4602 866 4649 V.
935 4598 979 4655 nd.
999 4609 1146 4667 superaret
1162 4608 1193 4653 Ρ.
1266 4604 1310 4655 29.
1329 4614 1459 4657 oceanea
1476 4608 1525 4657 V.
