3534 5450
736 684 956 775 “⁵⁷*.

461 851 579 912 Aridum
601 849 690 910 nrbes
710 845 807 910 'Asiae
830 837 955 911 domitas
976 850 1150 931 pulsumque
1172 851 1330 932 Niphatem

465 956 496 1012 et
519 953 576 1012 duo
598 954 684 1029 rapta
706 969 790 1012 nnanu
813 951 934 1012 diuerso
956 968 997 1011 ex
1018 950 1108 1013 hoste
1126 955 1266 1030 tropaea.
1381 996 1384 1000 ι

309 1053 502 1130 Gangaridae
517 1053 661 1124 ,dicuntur
683 1054 720 1113 ab
735 1043 838 1113 lmliae
861 1052 979 1114 llumine
992 1051 1110 1132 Gange.
1153 1055 1292 1132 Cingitur
1306 1056 1380 1116 enim

309 1153 445 1216 Caucaso
467 1136 552 1216 lmlla
581 1161 612 1216 et
633 1154 748 1214 tlunrine
778 1156 809 1214 et
831 1171 952 1215 oceano.
970 1193 1012 1204 -
1061 1155 1211 1238 Quirinum
1240 1159 1380 1217 uictorem

309 1256 463 1318 Romulum
486 1255 643 1332 signifieat.
693 1255 745 1315 Sic
775 1256 850 1316 enim
872 1255 1017 1317 Proculus
1037 1256 1131 1318 lulius
1151 1262 1305 1335 persuasit
1326 1259 1413 1341 pufz'a

310 1355 398 1436 pulo,
421 1377 485 1420 eum
506 1356 649 1418 Romulus
669 1373 727 1418 nnn
750 1362 951 1436 compareret,
975 1376 1040 1418 eum
1064 1360 1194 1439 nirlisse,
1225 1361 1263 1420 ah
1286 1376 1383 1440 euque

303 1443 338 1520 lu
360 1459 506 1519 mandatis
527 1459 700 1537 accepisse,
723 1458 765 1517 uti
786 1459 1076 1536 pupulusRumanns
1098 1461 1246 1545 Quirinum
1270 1479 1304 1521 se
1326 1479 1385 1538 ap-

233 1633 236 1640 ,
310 1559 452 1639 pelleret,
476 1562 543 1640 quia
565 1563 764 1620 innumerum
786 1560 907 1618 deorum
930 1566 1014 1622 esset
1036 1566 1185 1640 receptus·
1222 1563 1385 1641 lNiphates

311 1663 359 1722 est
387 1679 470 1722 muns
499 1659 677 1740 Armeniae,
707 1679 782 1741 quae
812 1663 943 1738 cingitur
972 1663 1063 1739 Tigri
1085 1663 1301 1744 Euphrateqne
1331 1665 1384 1723 ilun-

309 1763 445 1824 minihus.
496 1763 552 1826 list
581 1767 612 1824 et
634 1781 706 1842 pars
727 1761 975 1842 Mesopotamiae.
1033 1763 1117 1827 llaec
1146 1771 1243 1826 antem
1271 1765 1438 1826 llnmlnalll

313 1863 473 1927 decurrunt
493 1866 522 1926 ln
552 1865 705 1927 Persicum
737 1867 841 1925 sinum.
893 1866 1024 1926 llluersu
1053 1874 1094 1926 e'x
1123 1865 1214 1928 hoste
1244 1871 1386 1948 tropaea:

311 1966 462 2043 siguificat
482 1966 620 2027 orientali
639 1971 671 2026 et
693 1965 880 2026 occidentali.

375 2065 427 2130 34.
470 2065 599 2129 Stabunt
622 2070 651 2127 et
673 2065 753 2126 Parii
773 2064 908 2144 lapidee,
930 2065 1072 2142 spirantia
1090 2067 1191 2144 signa,

382 2149 387 2158 ⁰
471 2170 619 2234 Assaraci
641 2167 745 2247 proles
767 2168 1034 2246 dernissaequeah
1057 2165 1129 2227 lune
1152 2169 1255 2244 gentis
1368 2169 1372 2180 “

472 2272 602 2349 nentina,
626 2270 767 2352 Trosque
788 2285 898 2348 parens
922 2271 953 2330 el
969 2268 1082 2329 Troiae
1105 2268 1251 2348 Cynthius
1273 2274 1387 2333 artetur.
1400 2269 1440 2331 l5

313 2371 410 2434 Parus
430 2373 526 2434 insula
555 2375 605 2435 est
627 2371 739 2452 Cyclas
766 2373 795 2431 in
818 2369 949 2448 Aegaeo
975 2375 1065 2449 marl,
1096 2375 1124 2434 in
1153 2390 1209 2452 qna
1238 2392 1320 2433 nnons
1343 2378 1390 2433 est

314 2472 509 2553 Marpessos,
541 2475 618 2534 uncle
646 2491 769 2533 marmor
792 2473 942 2533 exciditur
964 2474 1135 2551 candidum,
1166 2476 1286 2552 etipse
1308 2475 1389 2534 Ver-

314 2576 409 2652 gilius
434 2576 463 2636 in
494 2576 583 2636 sexto
612 2571 794 2652 Marpesiam
824 2577 938 2635 cautem
968 2578 1065 2635 norat.
1121 2576 1266 2637 Assaraci
1294 2579 1390 2635 antem

314 2677 428 2756 prolem
460 2676 523 2740 nuh
557 2675 653 2756 acolpi
684 2675 860 2751 Gaesarem,
900 2675 949 2755 qui
987 2676 1115 2738 deducat
1148 2679 1323 2755 progeniem
1353 2678 1390 2736 nh

316 2779 441 2857 Aenea,
473 2781 521 2862 qui
551 2798 591 2841 ex
612 2778 748 2841 Anchise
777 2781 863 2856 patre
893 2783 950 2839 est.
1001 2776 1106 2857 Capys
1128 2778 1272 2839 Assaraci
1301 2773 1444 2859 hlinrs,20

316 2882 488 2945 Assaracus
509 2886 605 2943 antem
627 2881 736 2959 Trois,
766 2880 847 2941 'lhos
869 2882 937 2960 ipse
961 2880 1145 2941 hiriuhtlmnii
1166 2882 1263 2957 lilius,
1287 2883 1392 2945 lirielr-

318 2984 437 3045 thunius
461 3002 502 3045 ex
523 2982 644 3044 Electra
667 2987 699 3044 et
721 2980 793 3043 lune
815 2985 964 3061 rraseltnr,
988 2987 1020 3044 ut
1041 2984 1157 3061 Sellus,
1181 2987 1310 3062 scriptur
1327 2990 1391 3045 tra-

319 3085 424 3162 gicus,
447 3087 548 3145 sentit·
563 3116 604 3129 -
654 3082 800 3159 Cynthius
824 3086 872 3145 est
892 3082 1004 3163 Apollo
1027 3089 1166 3145 a'nronte
1187 3087 1302 3147 insulae
1323 3088 1395 3149 Deli

321 3183 440 3263 Cyntho
463 3187 570 3247 dietus.
616 3182 728 3244 lcoireu
746 3184 859 3245 'lhoiae
882 3185 986 3245 anatur
1008 3186 1125 3265 lleitur,
1150 3188 1232 3267 qrrorl
1250 3207 1314 3249 eam
1331 3210 1395 3249 ruu-

318 3288 407 3348 nlerlt
428 3287 484 3346 suh
507 3285 709 3346 Laomedonte
731 3290 762 3346 et
784 3284 951 3362 Neptunus.
1403 3279 1447 3342 25

382 3388 436 3451 37.
480 3386 595 3448 lnulrlia
615 3386 719 3447 infelix
742 3387 834 3446 furias
857 3404 1026 3467 amnemque
1048 3400 1183 3448 seuerum

479 3486 589 3568 (lecyti
610 3490 724 3549 metuet
744 3490 901 3567 tortusque
924 3486 1037 3546 lxinnls
1059 3506 1186 3563 angues.

323 3593 431 3653 Potest
452 3592 546 3651 utheri
569 3590 646 3651 haee
667 3590 816 3651 sententia
838 3592 994 3667 annrhigua,
1015 3584 1092 3667 'quia
1114 3593 1145 3649 et
1167 3607 1284 3665 angues
1305 3592 1397 3652 inter-

322 3695 434 3771 pretari
458 3692 565 3772 aliquis
588 3694 690 3772 potest
712 3695 805 3753 rotam
829 3695 860 3753 et
880 3711 937 3752 non
960 3692 1171 3768 exsuperabile
1193 3712 1296 3752 saxum
1312 3692 1398 3754 lxio-
1427 3702 1433 3712 “

323 3796 387 3874 nis,
416 3795 469 3855 set
493 3814 548 3856 neo
570 3797 694 3873 praeter
715 3798 809 3855 rotam
833 3799 863 3856 et
887 3812 990 3854 saxum
1012 3793 1092 3853 alinrl
1114 3812 1185 3855 esse
1212 3796 1450 3874 snpplieinm,30

324 3900 390 3978 ipso
415 3898 578 3977 Vergilius.
629 3897 729 3961 Sentit
750 3898 824 3960 enlm
854 3897 934 3968 illum
956 3915 974 3957 a
996 3896 1071 3957 l'nrla
1094 3900 1125 3957 et
1147 3896 1308 3984 Pirithoum
1332 3896 1399 3979 [nr-

360 4149 385 4199 3.
405 4149 536 4201 dicuntur·
552 4152 613 4203 lnrli
633 4166 650 4201 a
671 4150 785 4201 llnmine
803 4155 833 4198 Ρ.
904 4149 929 4199 l.
949 4149 1063 4199 ssunaine
1083 4161 1192 4197 oceano
1206 4148 1240 4193 V.
1319 4145 1344 4196 6.
1365 4161 1399 4197 eo

327 4231 486 4300 (erramus
508 4237 544 4287 V.
614 4238 639 4288 8.
660 4234 738 4301 quia]
760 4236 892 4300 quoniam
911 4240 941 4284 P.
1003 4232 1045 4281 13.
1068 4230 1125 4295 lapi
1147 4230 1222 4279 isV.
1292 4230 1334 4280 17.
1355 4246 1400 4280 ex-

329 4319 518 4383 ciditurVE‚
548 4312 769 4371 exscinditur-P.
840 4321 882 4367 22.
904 4325 933 4367 ut
953 4332 1007 4367 our.
1026 4322 1056 4365 Ρ.
1095 4312 1191 4364 Sellus
1210 4319 1239 4362 Ρ.
1275 4316 1401 4381 tragicus

329 4406 452 4469 scriptor
471 4408 506 4454 V.
593 4404 635 4453 28.
655 4402 766 4468 Potest]
798 4409 862 4467 [nost
888 4404 922 4452 V.
974 4400 1041 4465 quin
1058 4401 1097 4461 E,
1125 4392 1199 4464 qrrrr'd
1217 4403 1252 4460 Ρ,
1283 4416 1338 4450 οηι.
1365 4403 1400 4451 V.

364 4490 406 4541 3⁰.
426 4486 558 4555 praeterl
582 4502 633 4553 per·
652 4492 681 4538 P.
719 4488 791 4537 alius
809 4492 839 4537 Ρ.
887 4483 1234 4557 31.for·tusseVer·gllius
1260 4484 1401 4537 dissentit.

328 4573 429 4627 Sentit.
481 4572 555 4624 furia
573 4573 612 4635 E,
632 4571 709 4638 syria
728 4570 786 4623 ΓΡ.
