3534 5450
736 671 995 738 ..,03„,

276 843 295 903 ir
366 840 440 902 θινὶ.
483 838 622 902 Antenor
645 830 840 906 Troianorum
863 845 1037 922 prinratilrus
1050 847 1162 910 nr'ixtus
1175 848 1214 910 de
1227 843 1379 914 reddenda

305 941 420 1004 lleiena
442 960 535 1023 saepe
556 945 656 1003 anetor
679 946 750 1022 init,
773 932 1001 1028 lilenelaurnqne
1031 952 1064 1009 et
1083 949 1195 1013 Vlixen
1220 952 1230 1033 t
1254 971 1292 1015 oe
1313 954 1378 1016 Pa·-

304 1045 378 1106 ridis
401 1046 516 1120 insidiis
539 1050 745 1107 sternerentur
768 1047 935 1126 admonuit,
967 1052 1005 1109 et
1028 1054 1059 1110 nt
1081 1053 1120 1112 ab
1141 1052 1292 1134 aliquibus
1309 1058 1377 1117 tra-

304 1147 398 1224 ditur,
422 1150 487 1226 ipse
511 1149 662 1227 defendit,
696 1149 734 1208 oh
758 1150 835 1230 qnod
859 1149 1014 1231 nreritonrl
1035 1157 1124 1229 capto
1145 1154 1200 1215 llio
1223 1157 1376 1218 ineolumis

304 1250 410 1310 euasit.
455 1250 512 1311 llio
535 1253 620 1312 iuxta
641 1252 749 1326 iontem
772 1251 888 1311 Timaui
910 1252 1051 1317 fluminis
1067 1253 1407 1324 coneeditetrerberrrti
1499 1324 1503 1332 p

303 1353 426 1430 statuit,
447 1351 452 1430 1
471 1370 556 1432 quanr
577 1354 731 1414 Patauium
753 1354 945 1428 nonninauIt.i
1044 1409 1048 1412 .

260 1451 299 1510 10
369 1453 441 1516 243.
484 1454 620 1533 illyricos
651 1457 743 1517 sinus,
773 1454 933 1534 Cadmus,
961 1457 1119 1534 Agenoris
1147 1457 1241 1537 lilius,
1263 1458 1376 1524 rollolis

299 1554 416 1616 Thebis
437 1558 544 1618 oonrite
560 1557 718 1618 llarnronia
728 1558 856 1636 coniuge
872 1559 1007 1618 iortnuao
1021 1559 1142 1620 iniurias
1157 1563 1331 1639 sustineor,
1350 1559 1356 1641 t
1404 1551 1409 1558 ’

303 1655 376 1718 lines
405 1658 604 1721 Macedoniae
632 1677 852 1736 supergressus
889 1659 1041 1737 paruulum
1072 1660 1176 1738 lilium,
1211 1662 1261 1742 qui
1277 1663 1375 1722 iuxta

301 1757 448 1838 lllyriorum
477 1761 593 1822 lluoiurn
622 1761 658 1822 alr
690 1761 850 1822 Harmonia
881 1761 979 1820 editos
1013 1762 1143 1834 inerat,
1168 1757 1172 1842 l
1206 1759 1372 1840 dereliquit
1382 1759 1424 1822 to

301 1861 387 1925 llnno
409 1883 535 1950 serpens
557 1865 650 1942 spiris
672 1865 735 1924 suis
753 1863 890 1924 innexuit
911 1864 943 1922 et
965 1861 1060 1922 donee
1080 1861 1118 1921 ad
1141 1861 1261 1923 adultos
1284 1861 1371 1921 ueni-

299 1969 347 2025 ret
368 1985 478 2043 annue,
500 1965 639 2043 amplexu
663 1965 798 2043 eorporis
821 1962 917 2041 leuitt
939 1961 1100 2041 inrbuitque
1118 1963 1240 2039 uiribus,
1264 1954 1371 2041 quibos

299 2083 411 2126 ornnenr
425 2067 503 2126 illurn
526 2067 680 2142 regionem
704 2065 759 2126 sibi
783 2062 926 2123 subdidit.
970 2059 1043 2145 [ilie
1063 2079 1104 2121 ex
1124 2061 1283 2141 uo]oalrulo
1301 2057 1374 2143 [suo

298 2167 442 2246 lllyrinnr]
462 2167 683 2229 denominanit.
699 2168 712 2242 ΙΙ

142 2259 212 2326 253
235 2261 253 2296 *
267 2261 291 2321 ’ἃ
363 2270 438 2332 247.
466 2267 490 2317 *
520 2290 572 2330 uas
601 2289 674 2334 aues
703 2269 842 2335 Antenor
862 2271 984 2330 secutus
1005 2268 1130 2329 traditur
1151 2284 1191 2327 ex
1212 2281 1368 2344 responso.
1378 2265 1419 2346 15

299 2368 375 2432 Sunt
405 2373 454 2452 qni
482 2372 636 2434 Patauium
664 2391 681 2433 a
711 2372 826 2434 Patena
854 2372 965 2451 palude
1000 2371 1116 2430 dietuor‘
1136 2372 1261 2445 putent,
1293 2383 1369 2447 quae

298 2493 391 2554 prope
411 2470 545 2554 turbem
564 2472 650 2556 fuit:
677 2473 741 2534 ulie·
761 2493 835 2533 eam
856 2493 879 2531 a
900 2471 987 2532 Pado
1015 2471 1131 2530 donnino
1152 2472 1287 2528 nooatm
1310 2485 1368 2526 uo-

298 2575 378 2652 lunt,
401 2578 432 2635 nt
455 2575 556 2636 littera
578 2595 636 2636 uua
657 2576 698 2636 sit
718 2577 828 2646 mutata
848 2575 957 2652 postea
979 2591 1021 2633 ex
1043 2570 1185 2630 Padanio.
1229 2566 1370 2628 Antenor

298 2680 395 2739 anteon
425 2676 548 2737 traditur
574 2674 579 2757 Ι
607 2678 740 2739 comites
767 2694 840 2735 suos
866 2672 1031 2745 Henetus,
1058 2671 1108 2751 qni
1129 2685 1171 2730 ex
1191 2670 1290 2746 gente
1307 2667 1367 2728 Pa·

298 2780 480 2861 phlagonnrn
504 2780 599 2839 secuti
622 2780 707 2839 erant
736 2778 845 2839 anrlsso
874 2776 949 2836 duee
976 2772 1139 2853 Pylenrqne
1159 2770 1300 2850 adposito
1321 2768 1423 2835 rit-ao

298 2886 447 2961 geminate
462 2880 609 2941 *Venetos
637 2878 827 2959 appellasse:
851 2874 855 2955 Ι
882 2875 934 2935 ἄν,
951 2870 1068 2954 quidue
1096 2876 1198 2933 etiem
1218 2867 1369 2932 Hemer'ns

299 2987 341 3045 iia
370 2986 429 3047 ait:
458 2981 678 3064 Παφλαγόνων
720 2974 753 3040 d'
789 2972 894 3057 ἡγεῖτο
918 2970 1132 3051 Πυλαιμένεος
1161 2967 1269 3033 λάσιον
1295 2974 1367 3051 arripi

267 3086 389 3151 edenti
417 3101 522 3144 nomen
551 3084 644 3143 dedit.
680 3082 791 3141 Potest
810 3094 865 3157 pro
893 3077 1083 3156 nprogeeee'e
1110 3074 1239 3150 aeee'pre‘,
1267 3075 1301 3132 nt
1320 3071 1370 3133 est

299 3186 355 3251 Cui
376 3204 474 3265 genus
498 3190 529 3247 et
551 3202 655 3247 nonron
679 3182 822 3261 quondarn
845 3178 966 3255 natique
988 3174 1136 3248 inissent,
1168 3175 1200 3229 et
1229 3158 1300 3231 alili
1328 3170 1370 3229 ln

297 3309 352 3352 nos
374 3287 493 3368 aliquod
514 3276 677 3364 nourenq'ue
700 3282 850 3362 deonsque
872 3278 1039 3355 gessimus:
1060 3269 1137 3330 hiae
1158 3270 1276 3331 dieunt
1296 3268 1419 3345 Per-25

298 3392 392 3452 toeinl
410 3389 542 3476 gentiles
565 3404 599 3447 so
619 3384 827 3445 Romanorum.
871 3376 935 3437 Sed
956 3374 1033 3435 haoo
1054 3372 1262 3450 intempestiua
1274 3371 1368 3431 inter·

297 3494 428 3572 pretatio
452 3487 534 3570 esti

269 3596 290 3655 b
361 3596 436 3660 259.
479 3589 537 3653 Ad
557 3587 669 3649 sidera
691 3582 791 3647 coeli.
842 3578 967 3641 Aeneas
988 3592 1083 3636 uxore
1113 3574 1145 3631 et
1165 3587 1263 3647 regno
1283 3570 1369 3649 poti-

298 3698 347 3755 tus
377 3694 483 3753 batino
513 3692 628 3750 rnortuo
657 3686 802 3746 Etruscos
832 3680 990 3741 certamine
1017 3691 1155 3755 premens
1183 3674 1213 3732 in
1234 3670 1368 3732 oonilietu

297 3795 407 3858 lrellleo
434 3788 439 3873 i
461 3793 589 3871 petitus
610 3806 764 3877 nusquorn
787 3782 935 3863 apparuit
952 3781 985 3839 ot
1004 3774 1120 3837 Nonnisi
1141 3773 1265 3833 ilnminis
1287 3778 1431 3850 gur-w·

298 3900 365 3975 gite
388 3893 513 3953 haustus
535 3892 673 3968 putatur,
708 3888 754 3945 oni
776 3884 926 3945 Ascanius
946 3877 1084 3939 lrostilrus
1108 3875 1235 3935 deuictis
1257 3874 1286 3932 in
1299 3872 1368 3934 loeo

299 3980 355 4078 quo
384 3998 573 4073 tpoetneroo
601 3996 695 4067 poter
724 3986 904 4064 apparuerat
932 3979 1055 4040 Aeneae
1076 3976 1207 4051 indigeti
1229 3971 1369 4050 templum

254 4096 426 4172 torreant,
456 4091 495 4153 ad
525 4088 604 4171 quod
631 4083 786 4166 pontifioes
814 4082 971 4166 quotannis
998 4097 1061 4140 eoru
1090 4074 1261 4137 oonsulibus
1285 4066 1292 4150 Ι
1316 4072 1370 4127 ire

298 4196 405 4258 solent
426 4188 640 4253 sacrificaturi.
667 4184 674 4267 Ι
1402 4175 1409 4182 ’

333 4361 377 4414 11.
395 4366 445 4412 Pro
463 4356 511 4407 fue
525 4342 650 4425 fortasse¹
668 4349 723 4401 fult
739 4363 775 4400 est
795 4352 822 4399 in
840 4350 940 4407 coelice,
964 4356 992 4393 ut
1016 4338 1083 4391 nihil
1100 4338 1173 4387 derit.
1241 4330 1284 4381 12.
1304 4328 1370 4397 Sap,

298 4446 429 4518 plernenra
453 4443 526 4492 Maii
554 4438 655 4489 adelidi-
724 4428 810 4494 tw,
835 4431 860 4482 3.
886 4426 1056 4481 Poelernene
1081 4422 1169 4471 codex.
1248 4412 1370 4481 digram·

301 4535 376 4581 rnate
395 4530 488 4579 codex.
557 4520 582 4571 t.
600 4508 1115 4575 Aflzntromrtttrrrtnrtnnttron
1134 4503 1224 4553 codex.
1302 4497 1371 4546 itii

300 4610 362 4663 851.
430 4609 456 4659 5.
477 4608 513 4657 A.
534 4604 560 4668 5,
577 4602 637 4653 621.
706 4602 742 4650 A.
761 4599 786 4659 2,
806 4596 847 4649 89.
917 4592 943 4643 d.
962 4586 1178 4655 interpraetatio
1197 4584 1286 4632 codex.

1051 4693 1055 4713 1
1183 4663 1221 4726 6ἡ
