3534 5450
805 663 1017 730 ..ss-

435 835 509 902 arr.
552 831 735 896 Proximus
756 831 849 894 ardet
871 827 1040 905 Vcaicgnn.
1084 824 1146 884 Pru
1169 819 1447 896 ‹tamchaiegun-

373 939 413 1001 tis
436 954 539 1020 numen
562 935 658 1016 ipsius
687 934 807 1014 posuit,
835 932 923 994 sicuti
954 931 1076 992 dicimus
1107 925 1135 985 ei
1167 923 1207 985 ad
1229 922 1314 986 cuins
1335 922 1452 983 dumam

375 1042 507 1118 ierimus,
527 1038 567 1100 aul
589 1042 619 1099 te
642 1037 703 1100 iui:
730 1032 735 1112 Ι
763 1038 815 1094 itu
835 1051 956 1113 supra,
983 1022 1075 1094 Vltro
1097 1026 1203 1090 Asiam
1227 1042 1364 1101 magnam
1385 1023 1447 1082 Pe-

377 1142 466 1221 lopea
496 1139 535 1202 au
565 1139 679 1200 moenia
706 1135 789 1197 helio
817 1137 979 1196 uenturam.
1033 1130 1109 1190 Nam
1130 1147 1185 1209 per
1209 1127 1315 1188 Asiam
1335 1123 1452 1188 iucuiae

347 1237 472 1304 uastae
495 1240 723 1316 intelleguntur.
750 1243 756 1315 Ι
780 1299 793 1336 s

441 1342 515 1406 ³13.
564 1340 797 1418 Exoriturpue
825 1337 941 1399 clamor
971 1336 1064 1396 uirum
1094 1332 1281 1412 clangorque
1308 1329 1453 1390 turbarum.
1468 1339 1511 1400 10

377 1443 528 1504 Homerus
558 1440 668 1502 nulium
692 1426 824 1501 tubarum
848 1458 932 1499 nsum
955 1438 1096 1499 innecte
1121 1434 1292 1496 constiutit:
1311 1430 1318 1511 i
1336 1433 1455 1491 immu-

377 1547 529 1605 tationem
551 1560 646 1603 rernm
666 1542 790 1603 omnium
812 1542 902 1602 etiam
925 1558 966 1601 ex
989 1538 1045 1601 ime
1057 1536 1207 1599 confirmat
1217 1533 1353 1611 Aeneas,
1376 1531 1456 1612 quon

380 1643 419 1704 uui
442 1644 650 1706 eunuocandus
671 1642 770 1703 socios
792 1659 849 1704 nen
869 1641 963 1702 sulum
985 1642 1068 1718 ignis
1087 1638 1212 1715 iudicia,
1232 1634 1368 1717 ineram
1388 1637 1457 1694 eti-

331 1740 429 1804 10um
452 1745 584 1804 tubarum
609 1745 707 1804 sonitu
732 1743 910 1805 Graecorum
933 1742 1088 1803 multitudo
1111 1741 1255 1801 commuta
1277 1739 1329 1797 sit.
1343 1738 1358 1810 ΙΙ

445 1844 520 1906 472.
563 1837 714 1922 Frigida
736 1838 792 1903 sub
814 1853 907 1904 terra
929 1843 1092 1903 tumidum
1112 1835 1336 1920 numbram
1357 1845 1570 1914 tege-2282
1624 1892 1626 1937 s

381 1927 453 1990 batt
476 1929 657 1989 conueniens
681 1930 877 2007 usurparetis,
908 1931 941 1988 ut
961 1928 1038 1989 sieut
1060 1945 1188 2007 serpens
1207 1921 1213 2007 Ι
1232 1922 1288 1984 sub
1307 1926 1391 1985 terre
1413 1923 1457 1984 ia*
1625 1954 1627 1991 u

382 2029 473 2092 tuerit
502 2032 535 2090 et
564 2029 593 2090 iu
621 2049 709 2090 auras
741 2029 839 2090 subito
870 2030 1020 2109 eruperit,
1049 2029 1092 2090 ita
1118 2030 1150 2089 et
1171 2024 1307 2105 Pyrrhus
1328 2026 1357 2085 in
1380 2042 1457 2106 equa

382 2132 502 2193 clausus
524 2130 577 2191 tali
601 2129 728 2211 speciei
748 2131 777 2192 in
800 2131 879 2191 belia
902 2129 1123 2210 precesserit!

335 2241 376 2304 ¹5
446 2232 521 2295 479.
546 2285 549 2290 .
572 2266 759 2280 -—--—-·-
788 2267 977 2280 —-—-
1007 2263 1199 2277 --·——-
1219 2230 1336 2290 acutum
1366 2244 1457 2289 neca·

383 2337 468 2412 runt,
487 2334 492 2409 Ι
512 2334 589 2393 unde
612 2337 643 2394 et
664 2332 797 2412 bipennis
820 2331 927 2393 dicitur
950 2351 991 2394 ex
1014 2336 1138 2413 utraque
1166 2335 1251 2410 parte
1273 2326 1395 2413 acutat
1463 2334 1528 2396 nn
1631 2344 1634 2397 ².

447 2435 521 2498 473.
570 2433 730 2518 Quaeritur
760 2433 797 2495 ab
827 2432 992 2513 aliquibus,
1030 2438 1125 2508 utrum
1155 2435 1233 2494 hene
1261 2434 1390 2512 positum
1418 2431 1484 2500 sito

386 2537 504 2599 exuuiis
541 2535 546 2617 Ι
580 2537 608 2596 in
638 2532 867 2617 siginificutiune
896 2536 996 2615 petiis.
1055 2535 1212 2597 Dialectici
1241 2535 1315 2595 enim
1341 2534 1462 2595 tradunt

384 2641 455 2702 inde
492 2640 570 2700 hene
600 2637 657 2698 dici
688 2637 694 2718 Ι
729 2633 899 2719 exsuluias,
934 2637 1013 2699 unde
1051 2638 1108 2698 dici
1147 2640 1179 2700 et
1212 2637 1349 2698 induuiae
1378 2644 1461 2698 recte
1472 2641 1513 2704 10
1638 2697 1639 2712 ,

300 2732 303 2747 ’
333 2744 515 2822 wpoasint.
531 2744 546 2813 ii

448 2845 523 2907 496.
567 2839 715 2921 Spumeus
737 2843 840 2902 amnis
885 2840 959 2904 Pius
981 2844 1029 2905 est
1048 2859 1205 2920 spumeus,
1228 2861 1313 2924 quam
1335 2847 1538 2922 spuma-228
1558 2848 1574 2879 ¹·
1599 2848 1618 2907 h

386 2962 458 3022 sus,
477 2944 483 3020 Ι
502 2944 535 3005 ut
553 2945 602 3004 est
622 2942 751 3004 Nemora
774 2943 850 3003 inter
874 2942 998 3004 inundes
1020 2961 1075 3024 pru
1098 2943 1280 3026 inanducat}

449 3043 523 3107 634.
548 3046 566 3080 ⁴*
589 3043 708 3103 tiarnmis
729 3045 912 3123 opprimatur
933 3045 1069 3105 incendii.
1114 3045 1192 3106 Tale
1214 3048 1264 3106 est
1285 3048 1372 3106 etiam
1385 3042 1540 3112 illnuaeu
1561 3049 1576 3080 *
1603 3069 1621 3111 a

387 3144 467 3225 quod
485 3147 492 3225 1
510 3145 663 3224 praestitit
685 3146 828 3224 Aristeu,
851 3165 914 3207 eum
939 3144 1018 3207 dixit
1039 3149 1149 3226 poeta,
1175 3145 1307 3209 Gnrnate
1328 3151 1357 3209 in
1379 3167 1461 3209 nnun-

254 3311 258 3319 ,
337 3248 427 3316 aeus
451 3249 558 3311 faciem
581 3248 775 3310 circumstetit
798 3247 887 3309 unda.
914 3243 920 3330 Ι

451 3351 525 3412 623.
570 3348 685 3424 Magna
707 3350 839 3428 numina,
869 3348 916 3408 uei
940 3350 1053 3427 primae
1076 3349 1154 3409 inter
1182 3349 1332 3412 eaeiestes
1355 3354 1463 3431 puten-

388 3449 465 3527 tiae‚
495 3450 542 3509 uel
573 3468 689 3529 magna
712 3448 927 3529 intolerantius
952 3470 1017 3513 cum
1048 3452 1078 3511 in
1101 3451 1249 3513 excidium
1272 3451 1319 3512 iiii
1337 3449 1343 3533 i
1362 3453 1463 3514 saeui-

388 3549 458 3612 tiam
480 3552 568 3614 etiam
589 3550 745 3613 multitudo
768 3548 999 3633 eumuiauerit.i

451 3655 526 3717 632.
576 3654 748 3717 Descende.
800 3654 857 3739 Qui
883 3654 991 3731 legunt
1018 3652 1075 3713 den
1105 3654 1195 3716 iatum
1219 3653 1320 3717 uniunt
1343 3654 1534 3719 dictumit)

340 3750 553 3821 30Saiiustius
582 3771 699 3835 quoque
726 3758 828 3819 auctor
858 3761 907 3818 est
934 3755 1078 3818 occultam
1105 3757 1267 3835 potentiam
1297 3757 1382 3818 deum
1405 3776 1464 3817 uc-

391 3852 469 3913 eariz
494 3849 582 3934 fecit
606 3854 612 3932 Ι
639 3857 671 3913 ut
691 3857 773 3917 tanta
795 3861 921 3937 repente
942 3858 1064 3917 mutatio
1093 3876 1150 3918 uun
1173 3858 1238 3919 sine
1261 3858 1317 3920 den
1340 3858 1464 3920 uidere-

391 3956 450 4014 tur.
500 3951 572 4032 lpse
599 3957 686 4018 etiem
714 3962 807 4038 poeta
835 3958 924 4045 aiibi,
959 3956 1114 4039 Sequimur
1143 3961 1174 4021 te
1205 3962 1309 4021 sancte
1344 3960 1465 4020 deornm

392 4054 530 4136 quisquis
552 4054 622 4141 ec}
649 4056 706 4142 Qui
728 4078 803 4122 uera
825 4060 932 4136 legunt
960 4059 1019 4122 dea
1040 4062 1124 4121 matri
1147 4060 1320 4124 attribuunt
1340 4058 1465 4122 Aeneae

425 4253 508 4341 ⁹⁸.A⁸
527 4254 633 4318 2‚193·
707 4257 812 4320 228,1.
843 4262 917 4311 Prr'or
933 4281 1020 4312 uersus
1036 4283 1098 4329 pare
1116 4264 1198 4315 cultro
1214 4267 1300 4333 periit·
1366 4262 1393 4316 6.
1411 4283 1465 4330 sqq.

391 4344 423 4390 ln
440 4342 559 4391 interiere
576 4344 696 4412 margine
714 4344 779 4395 haec
794 4347 881 4413 poau'iu
899 4359 977 4396 aunt:
1000 4366 1049 4413 quo
1057 4347 1170 4416 facium
1189 4362 1225 4399 cat
1243 4362 1272 4399 ur
1289 4348 1357 4400 nr'iil
1373 4351 1469 4415 periret

391 4423 419 4472 in
433 4419 703 4491 fineuereiculcrum·
793 4430 879 4491 228·,
899 4430 925 4480 2.
952 4431 987 4479 A.
1007 4429 1113 4492 1,191.
1199 4430 1470 4499 220*‚1.2.Haec

392 4506 650 4643 Ζαίἒνιίξῖσυαῖἱο
668 4529 686 4560 α
711 4512 816 4580 reliquia
835 4516 966 4567 ‹lu'aiunctu
984 4527 1052 4566 aunt.
1140 4517 1167 4567 ².
1188 4518 1220 4569 6.
1239 4516 1265 4580 l,
1286 4516 1346 4569 861·
1443 4512 1468 4567 9.

423 4624 430 4639 .
467 4626 476 4654 ,
549 4630 554 4644 .
