3534 5450
769 719 777 726 -

718 733 760 749 u
802 701 846 768 w
893 735 936 750 -

296 867 374 952 quod
403 869 435 929 et
462 865 579 946 agresti
600 825 755 934 91111011
775 887 845 932 curro
866 879 1005 950 pccurnni
1032 873 1289 949 armentorumque
1310 877 1369 932 non

296 969 485 1032 mediocriter
513 969 669 1048 profuerat
696 966 871 1031 lronrlnilrus.
903 969 1060 1032 finditur
1086 969 1162 1032 laec
1183 970 1308 1032 lriotorin
1330 971 1369 1032 de

295 1071 423 1131 Aristeu
453 1070 481 1131 iu
497 1086 640 1148 corpore
671 1068 916 1148 Argonautarum
942 1088 960 1131 a
989 1069 1125 1134 Varrone
1154 1070 1296 1134 Atacino.
1325 1108 1369 1120 -

295 1168 426 1236 Decreta
444 1172 605 1247 etaspura
626 1167 692 1231 loca
714 1173 746 1232 et
767 1175 923 1234 montuosa
944 1171 1121 1238 inunum·
1217 1203 1221 1210 -
1257 1190 1262 1201 ’
1354 1196 1359 1209 =

362 1305 413 1367 re.
456 1302 529 1382 lpse
551 1311 652 1363 ne‘nrus
673 1304 811 1384 linquens
834 1306 969 1383 patrium
984 1292 1138 1385 saltusque
1160 1301 1275 1382 Lycaei
1378 1305 1400 1368 ὅ

456 1401 530 1480 Pan,
553 1403 649 1463 onium
671 1408 783 1482 custoS,
805 1402 856 1466 tua
877 1407 905 1466 si
924 1405 981 1467 'tllrl
997 1402 1137 1466 Maenala
1161 1421 1262 1482 curae,
1293 1484 1301 1494 ‚

454 1503 536 1564 adsis
559 1521 576 1564 o
600 1502 748 1581 Tegeaee
771 1506 886 1566 ludens.
959 1507 967 1557 ἶ

296 1598 379 1662 Pana
395 1599 496 1663 lunum
511 1603 610 1665 Latini
623 1605 865 1684 interpretantur,
889 1605 971 1668 cuins
993 1603 1172 1682 religionem
1185 1601 1292 1666 ltaliae
1307 1601 1367 1689 ler‘·

275 1775 278 1782 Δ
297 1701 345 1762 tur
365 1703 503 1765 intulisse
523 1703 674 1766 Euander.
716 1701 780 1766 Sed
803 1706 934 1767 creditur
955 1709 1083 1785 propter
1111 1705 1170 1765 duo
1192 1695 1369 1782 argumenta

294 1799 351 1862 suo
374 1804 439 1864 eius
462 1806 578 1866 nornine
601 1808 634 1868 et
649 1805 804 1867 “uocabulo
827 1806 964 1885 luppiter
986 1805 1062 1884 coli,
1092 1804 1123 1875 id
1151 1807 1200 1870 est
1229 1803 1365 1880 mundus,
1379 1807 1420 1870 10

295 1919 414 1980 qrrorurn
438 1924 523 1966 unum
545 1908 624 1984 est,·
641 1906 717 1986 quod
741 1901 811 1966 Pion'
826 1925 939 1982 graece
961 1906 1113 1984 significat
1134 1923 1238 1986 omne,
1267 1904 1296 1966 id
1319 1905 1369 1964 est

295 2003 462 2064 uniuersam
483 2007 632 2082 naturam,
660 2005 786 2066 alterum
809 2007 889 2085 quod
910 2004 1001 2064 lrinull
1022 2005 1131 2083 pellls,
1160 2024 1220 2086 qua
1242 2006 1367 2081 tegitur,

294 2103 426 2164 uarietas
449 2103 573 2165 maculis
595 2103 726 2165 imitetur
748 2104 865 2166 stellas.
907 2096 1064 2165 Maenalus
1084 2108 1116 2166 ct
1132 2105 1270 2182 Lycaeus
1285 2121 1367 2164 nron·

193 2205 202 2220 ⁸
294 2189 343 2266 tes
371 2207 439 2266 sunt
455 2203 628 2283 Arcadiae,
660 2191 773 2282 Tegea
799 2203 932 2269 ciusdem
955 2205 1113 2284 oppidum,
1145 2205 1228 2268 cuius
1250 2203 1367 2266 nornine
1396 2278 1400 2284 .

294 2306 393 2368 estin
417 2305 529 2368 Tuscia
551 2308 588 2369 uh
613 2308 752 2371 exulibus
775 2293 931 2369 ¹Arcudiue'
946 2302 1019 2368 urbs
1042 2306 1170 2369 condita.
1377 2305 1420 2370 15

360 2440 410 2503 18.
454 2439 611 2522 Oleueque
640 2441 778 2503 Minerua
801 2441 965 2504 inuentrix.
1019 2441 1130 2505 Putant
1158 2457 1222 2501 earn
1251 2437 1369 2519 quidam

294 2540 327 2601 et
346 2539 515 2620 Neptunum
537 2543 756 2603 contentionem
779 2543 816 2602 de
839 2541 970 2605 Athenis
989 2539 1149 2614 habuisse,
1179 2539 1273 2600 utrius
1297 2527 1369 2598 urbs

295 2642 378 2700 essct
399 2641 533 2705 nomine:
565 2640 732 2720 Neptunum
756 2642 885 2702 tridente
908 2642 1097 2729 percussisse
1120 2657 1217 2700 arcem
1245 2641 1280 2700 ct
1300 2638 1369 2700 inde

294 2740 473 2820 prosiluisse
495 2759 601 2831 aquarn
620 2728 693 2805 salsi
716 2742 874 2822 haustus„
889 2746 921 2805 et
943 2740 1033 2803 lrodie
1055 2741 1276 2827 iontemiueo
1298 2755 1368 2799 erce
1395 2802 1403 2813 ,

293 2841 425 2922 Neptuni
447 2843 611 2922 appellari:
634 2826 797 2908 Mineruam
819 2846 879 2908 ictu
901 2844 1035 2924 cuspidis
1057 2842 1166 2905 ibidem
1180 2840 1274 2902 oleam
1291 2836 1420 2901 eno-20

294 2960 391 3023 casse,
413 2960 490 3027 quac
506 2944 575 3025 quic
590 2944 791 3009 utilior-essct
806 2943 984 3025 hominihus,
1008 2947 1035 3005 ei
1050 2945 1183 3007 cessisse
1197 2940 1346 3005 Athenas.

356 3078 409 3141 19.
458 3078 593 3162 Vncique
622 3097 698 3159 puer
727 3083 907 3144 monstrator
923 3081 1067 3143 uratrls
1102 3076 1226 3161 Quidam
1260 3079 1368 3157 putant

252 3192 268 3203 ·
295 3177 510 3258 Triptolemum
537 3178 672 3241 Atticum
701 3180 777 3259 dici,
814 3200 901 3261 quem
929 3184 958 3246 in
987 3180 1099 3244 uolucri
1131 3198 1217 3241 curru
1244 3176 1366 3239 tradunt

295 3282 407 3359 poetae
429 3280 535 3357 fruges
558 3280 648 3342 terris
671 3279 853 3342 credidisse:
883 3283 999 3362 quidam
1017 3282 1189 3361 -Buuygen,
1217 3280 1266 3361 qui
1299 3278 1393 3357 pri-,-⁸

292 3399 359 3443 mne
379 3380 487 3443 iunctis
510 3382 698 3444 existimatur
721 3381 760 3443 ad
782 3381 922 3443 arandum
945 3402 1027 3443 nsus.
1070 3383 1135 3445 Sed
1158 3384 1276 3444 constal
1289 3379 1420 3445 mul-25

293 3483 334 3545 tis
356 3481 440 3545 annis
463 3484 533 3543 ante
556 3485 588 3546 et
610 3485 717 3563 fruges
739 3484 768 3545 iu
782 3482 933 3562 Aegypto
952 3486 1090 3546 inuentus
1112 3502 1184 3545 csse
1207 3488 1239 3545 ct
1260 3500 1366 3545 arasse

291 3585 413 3667 primum
435 3582 543 3668 Osirim
567 3583 681 3667 duobus
703 3571 818 3664 bubus,
847 3601 970 3666 quorum
992 3584 1108 3646 nomina
1127 3600 1204 3645 nunc
1225 3586 1293 3644 sunt
1315 3601 1365 3642 sa·

294 3699 346 3749 cra
374 3686 430 3747 sub
461 3686 498 3746 lis
527 3687 577 3767 qni
605 3686 765 3767 religionis
795 3704 885 3749 causa
914 3684 1019 3751 eodem
1048 3683 1196 3746 nocalrulo
1219 3682 1365 3763 appellati
1391 3714 1395 3720 ·

359 3902 385 3952 2.
407 3898 453 3953 hic
471 3909 502 3953 Ρ.
570 3901 596 3953 3.
618 3903 830 3956 AllucionloV.
898 3902 924 3955 1.
945 3900 1082 3969 Dumela]
1100 3901 1166 3952 dum
1183 3906 1214 3950 Ρ.
1284 3909 1364 3952 uron-

290 3993 403 4055 tooal’·
472 3989 498 4039 ll.
523 3987 614 4041 saltus
634 3992 669 4040 V.
743 3988 813 4042 (isi
835 4004 891 4041 om.
912 3991 946 4040 V.
1015 3990 1041 4037 7.
1061 4002 1078 4039 o
1099 4003 1154 4038 om.
1176 3988 1210 4036 V.
1279 3985 1305 4035 8.
1322 3985 1365 4033 in·

260 4072 392 4141 *tulisse
410 4071 542 4126 ferturl’.
611 4074 653 4124 11.
673 4076 792 4133 nnusV.
862 4074 905 4124 12.
923 4060 1363 4143 hinuliEetPompomiusSa'-

292 4154 389 4220 binus,
407 4157 457 4209 inu
474 4157 625 4226 leugiueee
637 4162 671 4223 V,
688 4159 801 4211 inuleas
820 4159 878 4210 inte
896 4164 927 4208 Ρ.
996 4157 1036 4207 11.
1058 4162 1124 4207 aunt
1143 4170 1198 4205 om.
1214 4157 1245 4201 Ρ.
1317 4151 1364 4201 cni

290 4248 438 4291 nonrenl’.
491 4242 534 4293 15.
558 4244 674 4295 condita
693 4244 758 4296 urbs
776 4252 806 4296 Ρ.
860 4244 903 4294 18.
924 4247 1001 4294 esset
1020 4247 1048 4291 et
1067 4251 1169 4289 numen
1186 4240 1217 4285 P.
1269 4235 1312 4284 20.
1331 4236 1360 4285 in

289 4324 473 4376 idern'VPE.
512 4330 520 4339 ‘
543 4328 585 4381 23.
605 4343 687 4395 quem
704 4332 738 4395 E,
758 4343 821 4379 cunr
837 4332 897 4379 VP:
907 4323 1040 4394 fundasse
1057 4337 1130 4373 eunr.
1202 4320 1243 4370 21.
1265 4324 1362 4370 terrae

290 4406 449 4461 credidisse
473 4410 666 4463 Broulrlrusius
690 4410 731 4463 ud
752 4410 815 4463 Tib.
834 4414 862 4478 1,
883 4412 914 4473 8,
937 4410 986 4471 28,
1014 4406 1099 4458 terris
1118 4394 1224 4466 (terrae
1242 4406 1280 4467 E)
1298 4405 1362 4456 red·

291 4494 369 4547 disee
393 4496 477 4547 VPE.
553 4494 692 4561 Buzygen
717 4494 926 4549 Brouclrdusius
949 4491 968 4542 l.
988 4507 1029 4544 c·.·
1053 4489 1173 4543 Bineser
1192 4492 1252 4553 VP,
1279 4490 1360 4543 Brea·

290 4592 337 4631 uer
354 4583 386 4632 E.
458 4579 502 4632 25.
525 4592 594 4631 uerus
613 4594 669 4631 om.
687 4586 718 4631 Ρ.
789 4580 832 4633 26.
853 4585 882 4631 et
897 4576 996 4645 fruges
1017 4592 1071 4628 oon.
1090 4580 1121 4626 Ρ.
