3534 5450
592 703 942 797 ,ηομ

281 874 416 936 listiumm
440 871 572 953 quisquis
593 875 723 936 uurtrum
756 873 839 934 uider
856 912 1063 934 .........
1085 873 1194 944 deinde
1216 895 1239 934 .·
1244 914 1355 938 .....

283 975 469 1042 ..nuntiato
487 973 595 1040 diceba
627 974 681 1056 -Ι
701 976 743 1038 uti
766 973 868 1052 placet
890 993 908 1036 a
929 974 1102 1052 legionibus
1126 974 1357 1059 [inhonorentur]

282 1077 451 1156 faciantque
474 1077 552 1156 quod
577 1073 659 1158 [ipre
679 1077 814 1156 sperabit
836 1095 851 1136 r
872 1109 914 1120 -—
937 1095 956 1138 e
977 1078 1049 1155 imp]
1071 1077 1217 1160 iidemque
1231 1098 1257 1139 m
1271 1111 1314 1124 -
1329 1078 1353 1158 Ι·

232 1178 375 1248 loducat
396 1178 588 1257 salutareque
609 1177 685 1256 siet,
708 1178 790 1239 uiros
812 1195 889 1240 uoco
909 1178 1054 1259 proelium
1082 1179 1193 1241 incant.
1237 1180 1357 1243 Deinde
1472 1185 1475 1189 '

283 1281 421 1342 exercitu
452 1281 480 1340 iu
510 1279 601 1339 aciem
632 1280 740 1342 educto
761 1282 866 1341 iterum
891 1313 930 1326 -
950 1278 956 1362 Ι
975 1285 1031 1342 tur.
1075 1280 1196 1344 luterlm
1219 1300 1257 1344 ea
1276 1289 1386 1350 nura5

284 1383 442 1444 utebantur
466 1381 515 1459 qui
537 1382 718 1442 testamenta
739 1383 767 1442 iu
790 1381 945 1460 procinctu
968 1383 1069 1444 iacere
1091 1382 1243 1445 uolebant.
1258 1385 1273 1458 ΙΙ
1352 1417 1356 1420 ·

180 1472 271 1536 230³
346 1483 420 1544 551.
460 1481 561 1558 hung.
584 1486 729 1563 quaerunt
751 1483 883 1564 quidam,
905 1484 1069 1564 quomodo,
1092 1486 1118 1546 si
1140 1502 1181 1545 ex
1200 1486 1303 1546 Fauno
1324 1486 1357 1546 et

281 1581 411 1660 nympha
439 1587 556 1646 creatus
584 1585 641 1663 ait,
673 1583 807 1645 mortalis
834 1601 906 1644 esse
928 1585 1068 1662 potuerit,
1097 1581 1102 1666 Ι
1128 1590 1275 1666 tamqnam
1296 1604 1355 1646 non

281 1684 367 1763 llryx
394 1685 524 1775 Neptuni
556 1689 586 1746 et
609 1684 735 1750 Veneris
758 1684 853 1764 lilius,
883 1687 953 1766 qnia
982 1689 1078 1748 tamen
1101 1688 1138 1749 ab
1161 1687 1293 1750 Hercule
1315 1687 1357 1747 sit

281 1787 416 1863 occisus,
461 1789 513 1849 aut
554 1789 698 1869 tamquam
733 1791 853 1850 constet
896 1787 1042 1868 nymphas
1078 1789 1242 1852 inmortalis
1279 1789 1354 1851 deas
1366 1795 1407 1858 10

282 1888 387 1970 essm}
453 1933 459 1954 r
851 1933 854 1936 -
1353 1928 1356 1933 -

250 1995 269 2056 b
345 1990 419 2051 557.
471 1987 544 2054 bon.
572 1990 642 2052 istic
671 1977 726 2070 pr'o
754 1988 819 2066 hic,
847 1993 880 2050 ut
907 1989 1033 2051 Plautus
1055 1991 1084 2050 in
1107 1991 1264 2068 Rudente,
1287 1991 1355 2053 Nou

280 2089 403 2152 hercule
427 2089 605 2152 adulescens
626 2091 683 2152 ianr
706 2091 783 2162 istus
803 2091 867 2150 dies
891 2088 1109 2169 complusculos
1126 2090 1335 2172 quemquami

249 2193 351 2257 birtic
371 2191 432 2252 uidi
455 2192 639 2271 sacrificare,
663 2196 696 2254 et
716 2193 792 2252 inira
814 2191 888 2254 lstic
908 2194 959 2254 ubl
981 2193 1028 2254 uis
1051 2193 1270 2271 condormisse,
1296 2209 1355 2252 ue-

282 2312 328 2356 ruo
351 2292 509 2372 prohibet,
532 2294 681 2372 publicum
704 2290 790 2375 esti
1363 2299 1428 2362 lbx

343 2397 418 2458 559.
461 2396 542 2475 Asp.
562 2395 621 2457 hnc
642 2396 759 2478 quidem
782 2396 861 2476 apud
883 2395 1041 2456 Humerum
1064 2395 1102 2455 de
1124 2413 1162 2456 eo
1185 2395 1235 2474 qui
1257 2395 1286 2455 in
1299 2395 1353 2456 llu-
1382 2475 1385 2478 ἦ

279 2498 357 2558 mine
371 2497 546 2558 trahebatur
568 2501 652 2562 recte
673 2499 802 2575 positum
826 2501 884 2572 est,
908 2501 939 2555 at
956 2496 994 2554 de
1007 2497 1147 2557 cocutuc
1162 2497 1252 2555 incct
1273 2498 1310 2553 in
1329 2497 1336 2569 Ι
1415 2547 1420 2554 .

280 2595 398 2681 [cumpo
431 2615 556 2675 corpus,
586 2597 612 2655 si
641 2595 770 2679 flumine]
802 2616 940 2656 mersum
972 2595 1075 2671 dicit,
1098 2612 1162 2654 nore
1183 2596 1355 2656 eetdictum

282 2699 411 2760 ratione.
455 2695 509 2761 Sic
535 2698 564 2759 iu
592 2697 765 2779 quibusdam
798 2699 864 2759 dnm
894 2696 982 2760 uiurio
1005 2693 1110 2757 studio
1136 2690 1240 2773 Verg.
1264 2692 1335 2779 αάΙ
1410 2732 1412 2737 ·

283 2800 442 2885 Homerum
473 2798 616 2879 trahitur,
652 2816 751 2883 nequo
791 2799 933 2879 temporis
972 2806 1068 2879 neque
1097 2797 1153 2859 loci
1182 2795 1281 2860 babet
1303 2804 1408 2881 cue-go

284 2918 354 2961 ram.
376 2903 391 2975 ΙΙ
1287 2919 1291 2932 ·
1354 2920 1359 2925 ·

351 3116 377 3168 9.
403 3116 479 3184 quud
502 3118 539 3168 iis
562 3117 747 3185 imperabitur
773 3121 905 3172 Blamiua.
993 3120 1036 3174 ld.
1055 3118 1086 3172 Si
1104 3123 1134 3171 et
1151 3119 1214 3170 uiro
1233 3133 1285 3171 suc
1304 3133 1357 3172 ee-

284 3202 427 3271 proelium
444 3206 580 3273 scripserat
598 3207 708 3254 Maius:
732 3207 842 3257 correxit
860 3204 990 3255 Blunriur.
1055 3207 1214 3255 Litterarum
1231 3222 1297 3269 quae
1314 3207 1357 3253 ‹le-

283 3302 342 3340 eunt
366 3310 485 3339 numerus
510 3300 539 3338 ui
562 3287 712 3355 expleatur,
747 3290 788 3339 ita
813 3288 900 3353 aliquo
923 3290 997 3345 ruodo
1024 3289 1090 3339 haee
1112 3287 1209 3357 refingi
1231 3298 1358 3353 possuntt

285 3370 418 3425 Sabidius
436 3374 622 3424 commentar.
642 3369 704 3422 Xll.
725 3386 799 3422 uers.
820 3370 926 3422 Salior.
947 3370 1032 3422 Vtin
1052 3370 1192 3436 exercitu,
1207 3373 1359 3439 priusquam

286 3459 354 3507 acies
371 3460 552 3517 instrueretur,
571 3459 593 3505 r'u
609 3476 684 3524 pernes
702 3469 776 3523 quem
795 3454 934 3520 imperium
952 3456 1168 3525 aucpieilumque
1187 3460 1249 3504 erat
1267 3454 1296 3503 in
1317 3457 1358 3503 ta·

285 3540 441 3592 bernacnlo
469 3540 498 3590 iu
518 3536 590 3589 selle
608 3543 704 3591 sedens
731 3538 946 3605 auspicabatur:
974 3552 1069 3591 coram
1092 3537 1218 3589 exercitu
1237 3524 1358 3604 pullise

286 3637 376 3677 cauea
402 3624 537 3675 liberatis·
556 3626 694 3693 positioque
716 3627 744 3675 in
765 3620 769 3691 Ι
790 3624 880 3675 locum
905 3623 1011 3673 circum
1030 3621 1130 3673 sellum
1149 3635 1228 3673 suem
1245 3624 1361 3685 dicebare

287 3707 457 3760 obnuntiutu
482 3711 620 3777 angurium
640 3712 735 3761 bonum
753 3710 899 3759 statueram
916 3707 1091 3770 solistimum,
1112 3705 1359 3779 quinqueremem,
1377 3777 1381 3784 Ι

287 3805 334 3845 aut
350 3792 355 3854 Ι
370 3789 496 3858 tripudiu
509 3790 643 3841 sonantia.
679 3789 913 3843 Silentiodeiude
930 3789 1008 3842 laeto
1026 3790 1173 3843 residebat
1191 3797 1221 3842 et
1238 3790 1360 3843 dicebat:

288 3875 399 3943 equites
431 3881 460 3925 et
485 3872 595 3940 pedites
621 3889 779 3941 nomenque
803 3873 931 3938 latinum,
959 3876 1187 3943 contubernalles,
1211 3875 1297 3926 cincti
1317 3888 1360 3925 ar·

287 3960 361 4011 mati·
381 3948 523 4025 paludati,
552 3961 692 4027 quicumque
715 3961 743 4009 iro
766 3960 831 4009 haec
854 3972 944 4010 castra
969 3972 992 4010 et
1017 3962 1065 4010 hoe
1087 3961 1182 4012 bellum
1205 3962 1285 4011 uerba
1302 3977 1358 4008 mea

289 4044 359 4095 catis
378 4043 485 4105 secuti,
504 4063 571 4093 nnnc
590 4045 730 4112 augurium
746 4039 752 4109 Ι
773 4040 838 4093 dum
861 4042 1024 4094 sinisterum
1043 4042 1212 4095 substimunu
1232 4039 1360 4106 quisquis

289 4132 414 4179 uestrum
435 4126 554 4190 uiderit,
573 4138 667 4179 racero.
703 4124 815 4179 Deinde
833 4132 946 4199 augurio
956 4128 1118 4179 annuntiato
1130 4124 1242 4177 dicebar
1251 4126 1359 4173 iterum:

289 4230 351 4282 ergo
365 4214 393 4261 rb·
410 4206 416 4278 Ι
438 4211 480 4261 uti
497 4210 593 4277 placet
612 4226 629 4261 a
647 4210 808 4279 legionibus
832 4212 1018 4274 innocenter,
1042 4210 1207 4274 iaciuntque
1230 4203 1306 4272 quod
1323 4204 1359 4256 iis

290 4293 584 4362 lmpcmblturmilr'tec
597 4296 784 4363 imperiumque
803 4294 945 4364 fidemque
958 4305 1160 4346 meameeruerrt.
1182 4294 1309 4355 (luodecrr
1323 4288 1330 4356 Ι
1344 4320 1361 4331 -
1435 4318 1438 4330 =

292 4376 378 4429 ducat
401 4378 582 4446 soluntereque
606 4380 681 4442 siet,
717 4381 797 4431 uiros
822 4392 897 4430 uoco
927 4376 1068 4444 proelium
1091 4376 1199 4429 ineant.
1250 4370 1363 4424 Deinde

292 4461 419 4514 exercitu
436 4462 467 4513 iu
486 4464 576 4523 aciem
588 4462 690 4517 educto
702 4464 803 4519 iterum
814 4466 851 4517 iti
860 4460 1073 4536 auspicabaltur.
1141 4457 1203 4521 28⁰,
1220 4457 1245 4506 1.
1269 4458 1361 4511 Plane.

292 4548 362 4599 Rue.
381 4548 404 4610 1,
423 4548 450 4611 2,
469 4546 503 4601 43
520 4568 574 4615 sqq·
640 4580 643 4591 ·
