3534 5450
858 704 1207 766 -52-'

427 866 524 928 nutem
553 863 636 939 elus,
665 859 731 924 nine
753 858 869 923 (lemine
892 879 1036 926 reuersae
1064 863 1103 926 nul
1124 863 1280 942 lirigonen
1302 864 1411 943 illam,
1445 867 1509 928 (lux

426 967 482 1027 luit
511 962 664 1044 quaerenti
687 964 812 1040 patrem.
863 960 920 1025 llla
940 967 1038 1027 nutem
1066 968 1190 1042 cognita
1220 970 1314 1027 morte
1335 965 1411 1026 lcarl
1434 987 1510 1028 sus-

300 1057 303 1068 '
364 1127 371 1136 ,
426 1067 535 1145 pendie
567 1081 601 1125 se
624 1063 761 1139 cenauit,
802 1062 884 1126 canis
914 1083 987 1126 nere
1017 1081 1076 1126 non
1097 1067 1243 1130 recedens
1265 1085 1283 1127 a
1306 1064 1431 1144 ccipere
1454 1067 1510 1128 ‹lo-

427 1170 568 1228 minurum
591 1163 690 1226 inedia
714 1165 908 1241 consumptus
931 1167 989 1226 ent.
1034 1165 1225 1256 Conantem
1247 1167 1511 1246 nuliitapestilen-
1578 1228 1581 1237 ,

365 1250 369 1258 ’
395 1271 468 1333 seia
497 1271 527 1330 in
555 1266 661 1327 Attica
689 1265 862 1341 incidisset,
893 1267 925 1325 et
953 1266 1021 1326 neni
1050 1269 1176 1342 generis
1199 1267 1336 1344 uirgines
1358 1267 1510 1332 alienatae

420 1374 523 1432 mente
547 1365 711 1446 suspendio
735 1382 769 1425 ae
791 1367 933 1426 necarent
955 1365 984 1425 in
1006 1364 1112 1443 siluis,
1137 1351 1302 1429 consultum
1331 1367 1380 1426 est
1401 1384 1508 1428 oracu-

425 1471 484 1531 lum
506 1467 660 1548 Apollinis
689 1463 726 1526 de
757 1463 816 1524 srne
845 1466 903 1524 tam
926 1463 1052 1526 luctuosi
1080 1467 1201 1528 furoris.
1245 1466 1434 1545 Responsum
1458 1471 1509 1529 ent

424 1569 589 1636 renredium
610 1567 736 1627 futurum
758 1581 906 1643 praesens
924 1562 1101 1642 supplicium
1124 1585 1224 1628 eorum
1252 1569 1302 1647 qul
1333 1567 1507 1630 occiderant
1556 1627 1561 1634 .

425 1674 550 1734 lcarum.
602 1666 716 1750 Quibus
745 1666 922 1744 conquisitis
952 1668 984 1725 et
1012 1665 1196 1743 interiectis,
1225 1670 1404 1747 sacratoque
1426 1669 1506 1730 inter

377 1775 418 1836 10
428 1771 529 1831 sidera
556 1767 642 1826 lenre
671 1767 701 1825 et
729 1762 789 1822 filia
820 1767 852 1822 et
870 1781 944 1824 eane
967 1763 1056 1840 plane
1090 1767 1122 1825 ut
1143 1766 1308 1827 numinibus
1331 1768 1505 1830 sacrificinm

307 1851 312 1855 ¹
426 1869 591 1932 institutum
620 1866 687 1940 est,
714 1880 772 1942 quo
804 1862 908 1923 eseilln
935 1864 1120 1926 imitarentur
1147 1866 1311 1944 suspendia
1336 1866 1505 1932 Atticarum

427 1973 582 2049 ulrginum.

490 2071 564 2138 425.
614 2063 736 2126 lilaeam
767 2079 881 2140 graece
910 2064 1012 2126 dieunt
1038 2063 1162 2143 clinem,
1199 2083 1240 2126 ex
1275 2085 1333 2147 qua
1361 2069 1504 2146 premitur

426 2175 541 2247 eleum,
564 2166 644 2248 quenl
667 2161 769 2226 {innon
792 2165 931 2225 necetur:
955 2158 1039 2234 ἔλεος
1053 2164 1167 2227 'dicitur
1188 2167 1401 2246 misericerdla,
1424 2187 1502 2249 quae

376 2279 418 2341 15
428 2276 496 2355 quin
518 2267 647 2343 contigit
669 2266 707 2324 iis
731 2263 839 2342 quibus
859 2282 924 2341 pax
946 2263 1050 2342 ulatur,
1080 2266 1150 2328 elea
1170 2269 1257 2346 pacis
1280 2269 1399 2345 signum
1420 2274 1479 2331 est.

488 2370 562 2433 497.
647 2364 686 2424 nt
707 2364 788 2424 iuuat
808 2363 965 2427 undantem
976 2363 1059 2426 liuxo
1081 2371 1223 2447 spectare
1247 2366 1394 2447 Cytoron.

426 2473 557 2553 (lytotes
579 2469 629 2531 est
650 2464 789 2544 oppidum
811 2466 965 2527 Ponticum
994 2467 1094 2530 fertile
1115 2469 1198 2530 buxo
1225 2487 1283 2530 nen
1305 2469 1416 2549 selum,
1443 2471 1501 2533 secl

423 2575 597 2656 praecipue.

486 2675 560 2738 438.
610 2668 821 2751 Naryciaeque
850 2669 926 2748 pleis
956 2669 1053 2734 lucos.
1082 2670 1242 2749 »Narycia
1280 2673 1327 2735 ent
1356 2671 1498 2752 oppidum

371 2776 565 2845 nehoerruos
587 2769 683 2852 plenis
710 2772 863 2850 irequens.

485 2877 560 2937 448.
603 2870 715 2948 ltyraei
738 2872 819 2932 natio
841 2870 891 2930 est
910 2867 1102 2945 Scytharum.

486 2975 557 3034 464.
600 2968 743 3049 Ephyren
766 2984 852 3046 aera,
876 2966 1040 3033 Corinthia·
1084 2966 1206 3045 Ephyra
1229 2969 1304 3031 enirn
1317 2970 1400 3051 prius
1417 2972 1498 3035 (licta

416 3056 485 3153 ¹est,
508 3077 594 3154 quam
616 3069 787 3133 Corinthus.
1031 3072 1042 3089 ‘

484 3176 558 3238 469.
601 3173 718 3249 Tempe
748 3171 817 3231 sunt
837 3168 903 3231 loca
925 3187 1098 3247 nemereus,
1122 3170 1252 3249 frigida,
1273 3173 1405 3234 inntann.

366 3289 409 3351 πῖ)
480 3275 556 3336 478.
638 3272 786 3332 Deiectus
809 3270 881 3331 nelis
904 3271 1003 3331 uarios
1029 3268 1175 3351 lunaeque
1198 3273 1328 3335 labores.
1467 3284 1483 3315 -'
1526 3342 1531 3347 ,

416 3370 608 3447 Definitum,
632 3388 694 3431 cunr
717 3370 780 3430 eius
802 3371 903 3430 orbem
918 3370 999 3429 nulrit
1015 3368 1090 3428 'lunn
1112 3374 1143 3430 et
1165 3372 1266 3432 obstet
1280 3372 1382 3433 radiis.
1409 3369 1492 3433 'Ln-

416 3486 474 3533 uae
504 3472 601 3531 nutem
624 3468 752 3530 deiectio
781 3469 831 3546 iit,
861 3470 930 3549 quia
952 3485 1009 3528 nen
1031 3485 1086 3527 nun
1109 3469 1215 3537 lunrine
1237 3472 1336 3552 lueet,
1365 3472 1420 3534 sed
1453 3491 1490 3535 eo

416 3572 495 3655 quod
518 3572 616 3633 neele
638 3572 769 3650 accepit,
799 3590 862 3632 curn
885 3570 915 3627 in
945 3568 1074 3628 umbram
1104 3573 1204 3633 terrae
1232 3574 1323 3634 uenit.
1374 3572 1491 3635 Aesius

414 3678 511 3734 nutem
539 3673 627 3731 muris
659 3671 697 3731 ad
718 3671 805 3731 lunae
828 3671 936 3729 metum
959 3671 990 3728 et
1011 3669 1155 3731 rationem
1182 3671 1264 3735 liunt.
1316 3672 1381 3734 Sed
1402 3674 1489 3736 lunae

361 3775 484 3845 posunt
506 3771 633 3847 quinque
652 3770 766 3847 motus,
796 3770 935 3844 diurnus,
955 3770 1139 3848 menstruus,
1161 3790 1291 3850 annuus,
1314 3771 1488 3853 latitudinis,

411 3867 585 3929 altitudinis.
637 3868 674 3927 lli
706 3870 830 3929 extremi
859 3870 898 3931 arl
926 3884 1007 3929 mare
1032 3870 1192 3947 pertinent.
1243 3870 1359 3957 Terrae
1389 3879 1487 3937 autem
1523 3849 1542 3874 ⁰

444 4070 661 4120 3.uereom.l⁷.
698 4074 894 4135 corporumV.
930 4068 1126 4132 malienniil’.
1168 4070 1484 4125 e.necanente‹lirores=

407 4154 639 4205 necabantVPE.
675 4154 717 4203 16.
731 4161 828 4201 nutem.
841 4154 919 4199 VPE.
956 4154 998 4201 ll.
1017 4149 1196 4202 imitarentur
1213 4156 1252 4213 E,
1279 4160 1485 4221 temptareutnr

409 4240 443 4298 V,
463 4242 677 4285 teritureuturl'.
714 4232 896 4285 reeleonn.
942 4234 1153 4285 (liciturum.V.
1198 4236 1480 4300 elecemrlmngr.

439 4320 482 4367 15.
502 4313 580 4381 quio]
604 4315 677 4381 qued
697 4322 727 4367 P.
799 4316 1028 4381 qian,parunr
1048 4320 1106 4368 VP.
1176 4314 1219 4367 19.
1239 4318 1356 4369 Narlrin
1374 4322 1406 4382 E,
1426 4320 1480 4371 Nn·

402 4402 480 4467 rycis
498 4406 534 4459 P,
553 4398 664 4449 Noricis
686 4400 722 4447 V.
804 4399 845 4445 22.
867 4398 980 4465 Ephyre
1001 4401 1073 4450 enim
1097 4405 1132 4451 V.
1213 4400 1254 4451 26.
1277 4409 1306 4453 et
1326 4404 1420 4453 obstat
1439 4409 1477 4456 E.-

402 4492 506 4536 etom.
528 4484 584 4531 VP.
664 4482 706 4529 27.
729 4478 903 4545 ιμιίιι]“ιμιιι6
927 4488 955 4531 P.
1045 4486 1086 4533 28.
1106 4485 1217 4551 aceepit
1236 4488 1302 4547 ΥΕ,
1324 4486 1429 4551 nccipil
1446 4493 1475 4538 P.

433 4569 476 4618 29.
489 4570 581 4616 rirntun
592 4568 619 4609 P.
689 4562 731 4611 36.
751 4558 939 4627 longitudinis
957 4564 1116 4616 lutitnrlinin
1135 4567 1206 4633 (om.
1225 4568 1402 4645 altitudinis)
1419 4576 1449 4619 Ρ.
1530 4556 1535 4559 ’
