3534 5450
875 703 1169 830 ‘'ms'‘

368 855 371 864 ι
445 905 579 993 perdidit
604 901 758 965 humanum
788 909 899 974 genus.
944 890 1002 975 Qut
1032 907 1096 952 eam
1118 884 1228 968 perlati
1250 885 1354 945 esseut
1382 881 1413 946 iu
1432 900 1499 944 mun

446 1016 505 1074 tem
528 1009 710 1079 Parnasum,
741 998 825 1058 cuitus
848 997 959 1058 tautum
981 994 1039 1055 duo
1060 991 1191 1052 uertices
1213 986 1397 1064 eminebant,
1426 989 1458 1046 et
1479 984 1517 1046 int

447 1113 532 1174 esset
554 1101 704 1168 oracutum
727 1096 909 1174 Themides‚
932 1095 1117 1157 intrauerunt
1139 1090 1310 1166 atterentes,
1333 1087 1516 1168 quemadma-
1600 1167 1607 1177 „

450 1215 516 1274 dum
548 1206 672 1288 possent
700 1195 817 1261 restitut
839 1194 985 1259 hunnines.
1029 1193 1346 1279 Quibusrespeusum
1376 1193 1430 1250 est*
1453 1190 1516 1250 iac-

420 1311 543 1376 stanna
571 1323 641 1370 esse
669 1303 706 1364 iis
729 1317 800 1362 ussa
828 1298 961 1376 parentis
989 1310 1117 1372 magnae
1146 1298 1217 1372 pust
1249 1292 1340 1368 terga
1370 1290 1519 1351 discinctis

450 1385 659 1492 capitibusque
682 1402 801 1463 netatIs.
853 1394 1046 1478 interpretati
1078 1396 1176 1456 autem
1204 1406 1268 1452 cnm
1290 1395 1392 1453 essent
1414 1395 1518 1452 terram

450 1501 636 1597 parentem,'
658 1521 731 1566 ussa
760 1501 824 1562 etus
854 1497 972 1576 lapides
1001 1497 1137 1557 iecerunt
1163 1496 1233 1573 pest
1262 1509 1315 1571 se,
1345 1511 1385 1554 ex
1414 1491 1519 1572 quitus

450 1615 595 1677 hunrtnum
619 1623 717 1704 genus
739 1603 871 1663 renatum
893 1601 961 1660 est:
998 1598 1082 1660 cuius
1108 1596 1198 1656 etiam
1228 1591 1353 1653 Ouidius
1383 1594 1520 1670 meminit,

453 1734 516 1776 cum
540 1713 601 1772 ait:

402 1809 445 1875 10
561 1809 648 1872 Vnde
670 1822 768 1882 genus
791 1800 892 1861 durum
914 1815 1013 1858 sumus
1035 1797 1256 1876 expertensque
1278 1792 1410 1854 taborum

560 1914 592 1973 et
614 1907 786 1970 documenta
807 1901 926 1979 damus,
948 1916 1007 1980 qua
1028 1899 1120 1960 simus
1142 1896 1261 1974 urigine
1282 1896 1353 1956 nati.

516 2015 569 2078 67.
655 2005 699 2068 At
720 2006 746 2065 si
768 2021 825 2066 uun
847 1999 1038 2062 tuertttettas
1061 1997 1223 2075 teecuuda,
1243 1997 1299 2057 suh
1322 1988 1417 2076 ipsum
1458 2037 1461 2040 -

623 2093 631 2099 ’
657 2107 803 2167 arcturum
826 2103 908 2164 tenui
927 2102 976 2161 sat
1002 2100 1059 2161 erit
1080 2098 1267 2177 suspendere
1289 2096 1382 2161 sulca.

454 2214 601 2278 Arcturus
623 2210 672 2270 est
693 2203 783 2267 stella
804 2204 833 2264 in
856 2201 950 2262 cauda
970 2201 1088 2263 maioris
1109 2189 1209 2279 ursae,
1232 2216 1319 2279 quam
1341 2199 1449 2263 Graeci
1460 2193 1522 2256 ttu-

406 2318 533 2387 15ticen
555 2312 680 2384 uacent,
714 2319 790 2384 quae
818 2295 911 2364 latine
941 2301 1107 2380 septentrio
1129 2305 1267 2379 ducatur,
1288 2300 1368 2364 dicta
1389 2319 1407 2361 a
1429 2297 1523 2362 canda

426 2479 431 2486 .
456 2420 488 2482 et
510 2432 597 2478 arsa:
629 2404 743 2488 ἄρκτος
765 2405 841 2466 enim
864 2417 977 2479 graece
998 2418 1069 2463 ursa
1089 2402 1206 2483 dicitur,
1229 2402 1325 2466 cauda
1346 2396 1443 2484 eripete
1472 2417 1520 2461 cu·

454 2518 501 2582 ius
524 2517 590 2578 ertu
612 2509 705 2569 hiems
728 2505 841 2583 incipit.

518 2618 572 2680 70.
621 2607 679 2670 Hic
703 2604 838 2668 sterilem
867 2605 1000 2680 exiguus
1027 2621 1065 2666 ne
1093 2604 1215 2665 deserat
1244 2600 1349 2664 humer
1377 2601 1526 2665 trareuaur.

455 2715 601 2799 Aspirant
628 2710 786 2786 harenam,
817 2705 885 2786 quia
908 2703 1051 2786 haereat,
1087 2705 1134 2767 cui
1155 2698 1268 2781 ἔτυμον
1288 2705 1455 2766 seiunctam
1466 2704 1526 2783 est,

404 2818 540 2899 20quad
562 2814 650 2875 etiam
672 2808 790 2880 haurit,
820 2804 878 2865 huc
907 2805 1004 2867 estin
1027 2822 1062 2865 se
1082 2805 1233 2883 receptum
1254 2798 1402 2863 tumerem
1424 2803 1529 2866 trahit.

458 2918 555 2979 Huius
577 2911 654 2971 hane
675 2926 745 2969 esse
766 2910 899 2967 naturam
919 2904 1075 2981 Vergilius
1101 2905 1231 2965 testatur
1253 2901 1373 2964 uicena:
1403 2900 1531 2968 Collec-
1618 2923 1619 2926 ¹

457 3022 516 3081 tum
538 3013 687 3099 tpumorem
709 3006 810 3070 hihuta
829 3005 950 3068 deducit
969 3005 1091 3065 harena.
1140 3002 1245 3063 Bitunia
1272 3003 1349 3064 enim
1376 3004 1457 3086 quud
1478 3004 1531 3065 tti-
1618 3021 1620 3088 ζ

454 3121 508 3182 bat
528 3114 645 3177 dicitur.

518 3218 572 3283 73.
616 3211 679 3273 Aut
701 3209 741 3269 ibt
764 3207 838 3268 tiana
860 3221 947 3269 seres
967 3206 1079 3268 mutatu
1098 3202 1198 3266 sidere
1219 3203 1310 3283 tarra,
1369 3208 1376 3223 ·

403 3322 447 3384 25
613 3311 691 3373 unde
711 3311 794 3389 prius
817 3308 925 3371 laetum
946 3306 1055 3388 siliqua
1077 3310 1238 3388 quassante
1259 3308 1399 3385 tegumen

613 3418 664 3475 aut
685 3412 782 3473 tenuis
804 3410 904 3473 iaetus
926 3410 1022 3470 uictae
1041 3408 1194 3486 tristisque
1215 3405 1307 3485 lupini

614 3513 771 3577 sustuleris
787 3512 907 3589 fragilis
921 3505 1230 3587 calamussttuautque
1242 3511 1406 3568 sanantem.
1431 3552 1434 3558 .

453 3617 562 3680 Putant
582 3633 640 3677 nan
662 3616 756 3676 minus
779 3630 850 3676 esse
872 3608 974 3670 utitem
994 3606 1032 3666 ad
1053 3607 1198 3670 sationem
1219 3604 1309 3665 farris
1327 3625 1451 3685 agrum,
1478 3623 1526 3668 ex

453 3736 510 3797 qua
534 3715 744 3779 adinstructus
766 3707 967 3783 sublatusstt,
990 3723 1074 3785 quam
1089 3721 1154 3764 eum
1176 3706 1225 3786 qui
1238 3706 1353 3766 uicibus
1367 3709 1477 3770 cessat.

402 3816 447 3879 36
515 3802 568 3880 78.
612 3814 709 3895 Vrunt
731 3812 866 3875 hethaea
889 3808 1009 3887 pertusa
1038 3822 1190 3883 papauera
1211 3823 1325 3867 sumno.

1618 3519 1620 3588 t

558 3914 720 3977 Lethaeum
750 3929 879 3973 somnam
908 3908 981 3971 dicit
1008 3924 1063 3985 ea,
1093 3906 1172 3986 qued
1199 3906 1333 3967 excutiat
1353 3907 1526 3968 memoriam
1618 3923 1619 3926 ¹

485 4127 511 4179 5.
530 4128 672 4182 distinctis
690 4128 720 4175 Ρ.
790 4121 816 4173 6.
834 4122 1033 4186 interpretanti
1053 4122 1089 4171 V.
1139 4117 1184 4167 ¹8.
1208 4114 1307 4183 etiam]
1330 4120 1359 4168 at
1376 4124 1407 4169 Ρ.
1473 4120 1523 4171 ta.

449 4226 544 4263 sumus
562 4212 660 4264 dunum
678 4214 709 4257 P·
778 4206 820 4255 15.
840 4204 1022 4270 septemtrion
1038 4206 1068 4255 V
1067 4237 1073 4251 .
1142 4199 1184 4251 ru.
1204 4199 1325 4252 tractos
1343 4207 1373 4255 Ρ.
1442 4202 1522 4259 enim

449 4310 505 4345 om.
525 4296 561 4347 V.
630 4303 681 4342 ura
701 4290 733 4336 Ρ.
803 4287 845 4338 tt.
866 4288 973 4353 aspirat
990 4289 1027 4336 V.
1097 4282 1177 4351 quia]
1198 4282 1273 4350 quud
1298 4288 1330 4335 Ρ.
1398 4282 1523 4337 haereat

446 4382 479 4446 Ε,
500 4374 801 4441 naraacr‚areat1².
849 4377 964 4438 etymon
982 4374 1014 4434 Ρ,
1033 4372 1127 4437 ἄμμος
1146 4370 1165 4419 i.
1184 4385 1223 4419 m.
1242 4367 1356 4433 Hymen
1375 4371 1411 4419 V.
1469 4368 1518 4419 26.
1618 4383 1620 4420 t

445 4459 545 4525 etium]
566 4465 595 4509 et
612 4462 640 4509 P.
693 4457 735 4509 ²1.
756 4455 833 4525 esse]
855 4456 942 4508 etiarn
959 4463 989 4507 P·
1043 4452 1186 4519 Vergilius
1205 4454 1305 4503 am-V.
1358 4453 1402 4502 22.
1422 4450 1516 4518 errius]
1618 4487 1619 4502 2

443 4545 526 4593 etium
546 4542 582 4592 V.
618 4542 660 4593 at.
679 4555 758 4591 seres
777 4544 810 4604 E,
833 4544 921 4593 ceres
939 4541 997 4590 ΥΡ.
1033 4537 1076 4587 25.
1096 4542 1231 4601 quassant
1248 4538 1284 4587 V.
1319 4533 1361 4584 26.
1381 4534 1519 4597 tristique

441 4628 476 4675 V.
513 4624 553 4675 27.
566 4620 911 4695 iragttispustsonantenu
923 4626 981 4676 ΥΡ.
1002 4621 1044 4674 28.
1056 4618 1132 4686 esse]
1143 4623 1272 4671 etiamP.
1308 4612 1521 4682 29‚sit]est1³
1618 4671 1620 4694 Ι
