3534 5450
835 716 1048 780 ..9,-

334 926 338 932 =
408 888 455 949 tra
485 903 570 967 quum
599 885 761 966 opinionem
791 883 919 946 retertur
942 881 949 971 Ι
974 852 1082 969 futes}
1103 881 1279 947 simulacra
1301 882 1417 946 Vestae
1438 884 1482 944 in·
1526 871 1535 882 ⁵

409 990 509 1051 censis
538 987 614 1048 ricae
643 988 708 1049 eius
737 987 797 1047 aris
823 1004 864 1047 cx
893 987 985 1049 ruinis
1013 986 1134 1049 Troicis
1164 987 1299 1049 lihcrata.
1353 986 1484 1047 Additur

410 1091 497 1152 etium
518 1109 536 1150 a
558 1088 594 1148 L.
617 1087 725 1152 Cassio
748 1086 895 1151 Censorio
918 1089 1057 1149 mlraculo
1080 1085 1185 1167 magis
1200 1090 1325 1151 Aenean
1343 1087 1464 1168 patris!

408 1193 579 1271 dignitate
600 1193 789 1252 sanctiorem
811 1192 890 1253 inter
909 1190 1015 1252 hostes
1028 1192 1168 1252 intactum
1184 1193 1399 1271 properauisse
1413 1209 1482 1252 cou-

379 1287 564 1374 incessuque
587 1293 614 1354 ei
634 1294 760 1353 nauihus
782 1295 810 1355 in
835 1292 949 1354 ltaliam
972 1295 1147 1371 nauigasse.
1190 1293 1272 1355 item
1294 1293 1482 1356 historiarum

408 1398 482 1459 lihro
512 1395 526 1456 l
553 1397 597 1458 nit
617 1395 673 1457 llio
705 1377 794 1476 capto
821 1395 826 1475 Ι
850 1392 989 1455 Aenean
1010 1415 1081 1456 conc
1100 1395 1153 1455 rtis
1174 1392 1350 1458 Penatibus
1373 1396 1483 1457 umeris

352 1567 357 1578 .
407 1499 546 1579 inpositis
592 1499 729 1578 erupisse
767 1498 906 1578 'duosque
941 1497 1020 1559 tilios
1059 1496 1214 1561 Ascanium
1251 1502 1283 1560 et
1310 1498 1483 1578 Eurybaten

407 1599 549 1665 hracchio
572 1601 637 1661 eius
661 1600 784 1661 innixos
806 1604 876 1661 ante
899 1618 951 1661 ora
972 1599 1100 1663 hostium
1123 1595 1398 1686 praeltergreseoe,
1421 1599 1482 1660 ‹la-

407 1714 464 1766 ται
486 1704 573 1764 etiam
595 1703 624 1763 ei
647 1719 738 1763 naues
762 1717 1013 1781 concessumque,
1034 1706 1066 1762 ut
1088 1721 1162 1782 quas
1185 1702 1279 1763 uellet
1298 1701 1336 1763 rie
1358 1703 1484 1763 nauihns

359 1799 534 1867 illsecnrus
556 1802 692 1865 ueheret.
707 1807 721 1875 ΙΙ

470 1905 502 1984 3,
523 1907 598 1968 691.
648 1902 758 1968 Comen
788 1904 920 1966 infelicis
949 1902 1044 1966 Vlixi.
1097 1903 1268 1970 Gonuutus:
1303 1925 1369 1967 num
1396 1905 1591 1976 inde-wa

408 2027 478 2072 core
501 2005 558 2070 hoc
581 2007 706 2087 (licitur,
729 2027 794 2089 qum
818 2009 858 2070 sit
881 2005 987 2069 Vlixes
1011 2004 1109 2068 hostis
1131 2001 1280 2068 Aeneae?
1322 2006 1401 2086 Asp.
1424 2025 1482 2068 non

406 2113 564 2188 indecore,
586 2111 640 2171 sed
657 2111 758 2190 palice
778 2108 832 2191 el}
854 2107 1028 2189 magnifice,
1051 2111 1186 2190 quoniam
1209 2110 1314 2170 cadem
1331 2110 1483 2172 erroribus
1565 2152 1569 2160 -

408 2217 440 2276 et
461 2211 603 2292 periculis
626 2211 797 2289 patiebatur
820 2209 957 2272 Aeneas.
986 2210 992 2292 1
1365 2189 1370 2198 “

246 2367 250 2372 ,
359 2309 401 2372 15
471 2314 546 2376 693.
589 2311 770 2391 Plemyrium
793 2311 948 2373 undosum.
992 2311 1093 2392 Long.
1114 2313 1285 2392 plemrrlnm
1308 2314 1362 2374 iuli
1378 2331 1484 2375 emen-

409 2417 506 2478 datum
539 2415 720 2496 Plemyrium
751 2415 981 2494 promontorium
1004 2413 1145 2478 Siciliae:
1170 2415 1279 2477 dictum
1300 2411 1483 2499 autemriny'h

407 2515 586 2599 πλημυρίας
607 2513 703 2600 [ideo]
727 2520 793 2594 cst,
816 2516 892 2598 quod
914 2518 1044 2598 undique
1065 2518 1202 2579 iluctihus
1228 2516 1373 2598 undisque
1396 2517 1485 2578 adiu·

408 2604 485 2684 ntur.
507 2620 614 2681 Naxos
631 2621 716 2698 prius
733 2615 909 2703 appellate}
928 2619 1060 2698 Ortygia
1077 2653 1264 2667 ———
1282 2655 1468 2666 ---
1489 2627 1513 2686 5

410 2758 608 2771 -—----
629 2741 701 2785 esse
731 2723 810 2785 dicta
840 2722 877 2783 ah
901 2741 937 2783 co
961 2721 1037 2803 quod
1058 2721 1063 2802 Ι
1083 2722 1198 2784 Latona
1229 2722 1348 2800 fugiens
1377 2721 1486 2784 draco-

357 2838 473 2901 20nem
496 2826 665 2905 Pythonem
688 2826 715 2885 in
740 2825 922 2886 coturnicem
936 2827 1062 2903 mutata,
1086 2844 1162 2906 quae
1184 2843 1297 2903 graece
1321 2820 1415 2908 ὄρτυξ
1436 2824 1488 2885 ut-

409 2930 500 3008 citur,
523 2929 552 2988 ln
575 2944 637 2987 eam
661 2924 860 3007 euomuerit!
1260 2917 1263 2924 ⁴

474 3032 548 3093 696.
592 3028 660 3090 Duo
683 3047 736 3089 ora
751 3027 864 3090 hahere
884 3026 933 3091 hic
954 3029 1058 3091 ilnuius
1079 3030 1195 3109 dicutur,
1218 3047 1340 3111 quorum
1362 3026 1520 3091 alierumh

409 3126 514 3210 στόμα
530 3126 685 3213 Ἀλφειοῦ,
709 3129 831 3192 alterum
855 3125 959 3209 στόμα
975 3126 1178 3211 Ἀρεθούσης.
1200 3134 1206 3210 Ι
1302 3155 1305 3162 ’

421 3256 423 3263 ⁴
472 3236 547 3298 699.
594 3233 679 3297 Saxa
707 3231 853 3311 Pachyni.
911 3232 1081 3313 Pachynum
1111 3234 1336 3313 promuntorium
1369 3231 1487 3307 dictum,

239 3326 244 3332 ’
358 3336 488 3418 2tiquorl
510 3337 551 3397 ihl
574 3338 753 3413 propter-
774 3334 893 3394 luus—
912 3337 1033 3397 densior
1055 3337 1095 3396 sit
1117 3333 1204 3415 aeni

473 3435 548 3499 tul.
592 3433 734 3517 Apparet
755 3433 911 3498 Camerina
933 3438 1049 3517 procul.
1093 3435 1342 3517 Asp.Can1erina
1364 3435 1488 3499 Siciliae

408 3539 548 3621 oppidum
571 3544 600 3598 ..'
610 3579 930 3601 ..................
953 3544 1032 3602 teret
1048 3544 1213 3619 pestem—
1231 3540 1239 3616 Ι
1258 3538 1395 3614 [ensihus
1405 3539 1433 3599 in
1448 3555 1483 3597 ca
1493 3540 1537 3603 10

411 3642 517 3721 ....c]
541 3640 700 3727 exhaurire
722 3639 784 3702 eom
801 3642 999 3721 instituerunt,
1022 3661 1098 3724 quae
1121 3662 1185 3704 cum
1200 3642 1413 3719 attingeretur,
1434 3657 1489 3699 sa·
1564 3654 1568 3660 ’

411 3746 452 3806 tis
474 3748 582 3806 tetrum
605 3743 726 3804 olorem
748 3741 910 3805 reddidit:
937 3745 943 3824 Ι
968 3748 1027 3805 tum
1051 3743 1173 3806 coneilio
1204 3751 1293 3824 capto
1322 3743 1358 3806 ad
1381 3760 1490 3803 oracu-

360 3843 467 3915 301ιιιιι
490 3844 642 3925 Apollinis
664 3844 811 3905 abierunt.
853 3840 913 3905 lta·
923 3865 1114 3927 responsum
1127 3845 1219 3907 adeo
1235 3847 1359 3908 celita:
1379 3841 1425 3925 μὴ
1440 3841 1491 3905 nl-

410 3966 455 4007 νει
475 3942 678 4027 Καμερίνίαν·
700 3940 844 4025 ἀκίνητος
865 3944 925 4029 γὰρ
937 3942 1117 4030 ’ἆμείνων.1

448 4114 491 4167 16.
512 4112 627 4167 Troicis
645 4102 724 4183 snpra
742 4114 838 4165 lineam
854 4118 978 4185 seriptum
997 4131 1043 4168 est.
1112 4116 1173 4180 tlt,
1189 4113 1217 4167 1.
1235 4112 1381 4182 pathetice
1399 4117 1492 4165 conie-

412 4204 447 4253 cr't
470 4203 579 4260 Malus,
602 4197 716 4259 fortunae
741 4199 864 4265 poetice.
916 4197 940 4249 h.
965 4204 1203 4253 IIAllMYPEAN
1218 4205 1315 4263 cortex,
1333 4199 1491 4267 πλημύρων

412 4288 516 4337 Maius.
584 4281 692 4335 Nauos
711 4288 808 4336 cortex.
871 4284 897 4335 5.
922 4284 1055 4351 apposita
1072 4287 1139 4335 inter
1158 4285 1281 4352 Ortygia
1299 4297 1323 4335 et
1344 4299 1405 4334 etse
1424 4284 1491 4350 legit

413 4370 513 4421 Maius.
582 4368 609 4417 7.
627 4372 782 4421 Adulter
796 4382 820 4421 et
839 4371 1055 4420 aeneorum
1074 4373 1164 4435 codex,
1184 4371 1409 4423 contethar'ue.
1448 4365 1494 4414 11.

413 4451 456 4505 lbi
479 4451 545 4522 legit
570 4455 682 4503 Maius:
716 4456 897 4524 undetriginta
920 4453 1022 4504 litterae
1044 4444 1135 4505 'subesse
1149 4459 1256 4513 notaui.
1357 4453 1399 4504 1².
1417 4450 1498 4502 illinit

416 4549 483 4588 certo
501 4539 619 4607 cognomi,
639 4556 794 4605 quamquam
813 4540 952 4590 uidebatur
970 4537 1072 4605 aliquid
1089 4542 1212 4608 sculptum
1222 4560 1282 4590 esee.
1321 4540 1435 4588 Ceterum
1454 4532 1497 4595 ef.

417 4622 513 4679 lenob.
533 4641 606 4690 prou.
626 4635 693 4673 cent.
713 4620 744 4686 ⁵,
771 4620 815 4673 18.
