3534 5450
705 659 916 720 ...41-

279 825 308 890 r'n
331 825 453 888 eandem
476 819 772 903 nonamdecliuauit,
795 809 951 902 longiores
974 823 1039 909 dies
1059 824 1163 886 edicit.
1206 823 1252 885 lbi
1275 825 1350 888 edim
1450 809 1456 821 Χ

281 909 437 992 arsurum
462 929 532 990 raet
554 929 713 1005 aaronem,
745 927 774 986 ra
798 928 846 987 ee
868 923 952 993 vrrr.
975 925 1045 986 nar.
1067 925 1124 987 rur.
1168 925 1252 987 anea
1273 946 1350 987 mm

254 1029 255 1039 ’
279 1029 449 1092 lrahitalaills
476 1031 602 1110 propter
630 1029 805 1108 temperiem
835 1031 866 1090 et
886 1017 967 1088 multi
989 1027 1064 1088 solis
1086 1031 1118 1088 ct
1139 1027 1218 1105 illins
1240 1028 1349 1090 nicini„

280 1137 343 1196 tate
373 1149 487 1210 nonae,
521 1111 617 1212 qrram'
632 1129 897 1210 septentrionalem
926 1129 1166 1208 nuncupanimus.
1196 1129 1349 1193 'Medius

281 1239 377 1298 antem
408 1235 523 1312 digitos
537 1232 740 1310 'significabit¹
761 1249 884 1310 nonam,
914 1249 991 1312 puae
1013 1249 1128 1308 graece
1150 1233 1255 1292 dieitur
1277 1231 1380 1309 top-5

280 1331 406 1416 μερινή,
428 1335 519 1397 latine
542 1331 779 1415 aequinoctialia.
824 1331 888 1394 Sed
912 1336 943 1394 et
962 1333 1009 1393 sol
1032 1336 1061 1394 in
1083 1332 1158 1394 hanc
1179 1333 1352 1419 nonanrlris

280 1453 357 1498 enno
379 1438 476 1516 uenit,
499 1437 531 1499 et
552 1437 662 1498 totiens
685 1435 788 1495 illoram
810 1435 881 1497 lacit
902 1435 962 1496 diei
983 1433 1016 1497 et
1030 1436 1136 1512 noetis,
1160 1434 1250 1494 idest
1266 1432 1350 1494 Vlll.

273 1537 350 1608 Kal.
382 1538 482 1618 April.
507 1525 643 1600 etzvlrl.
665 1535 734 1597 Kal.
757 1533 880 1597 Octobr.
931 1536 1018 1599 llaec
1039 1555 1116 1597 nona
1137 1535 1350 1596 inhabitabilis.

210 1665 214 1671 ·
281 1637 356 1699 Nam
384 1642 510 1718 propter
545 1639 649 1699 nimios
678 1637 803 1699 ardores
839 1637 906 1698 loca
944 1639 1078 1700 subiecta
1107 1638 1199 1700 habet
1230 1629 1376 1698 exustas

283 1740 412 1825 Quartus
442 1740 549 1803 deinde
574 1741 689 1818 digitus
717 1723 901 1816 significabit
929 1757 1049 1815 nonam,
1081 1758 1156 1821 qnae
1183 1728 1427 1818 appellaturld
1489 1759 1495 1769 ¹
1523 1788 1527 1792 .

279 1837 454 1924 χοιμερινή,
482 1861 499 1903 a
528 1841 615 1904 nohis
643 1841 797 1920 hiemalis,
828 1841 908 1922 quod
936 1841 1070 1918 seilicet,
1107 1860 1170 1901 cnm
1197 1841 1274 1902 illam
1306 1841 1352 1902 sol
1412 1900 1416 1904 ,

283 1935 480 2022 transcendit,
509 1943 635 2004 lrlemem
662 1943 735 2004 iacit
760 1945 791 2002 et
820 1942 976 2002 breuiores
1000 1941 1065 2000 dies
1087 1943 1163 2017 agit.
1214 1943 1288 2003 llam
1312 1943 1353 2002 ibi

284 2042 444 2106 solstitium
467 2044 575 2121 edicit,
598 2041 677 2123 qnod
698 2044 747 2102 est
769 2040 851 2103 Vlll.
876 2041 945 2101 Kal.
968 2042 1084 2104 lanuar.
1127 2042 1212 2104 Hanc
1234 2061 1354 2123 quoquc

284 2163 388 2207 nonam
411 2145 565 2228 inhabitari
588 2143 729 2205 credibile
751 2146 815 2223 est,
843 2144 978 2226 qnoniam
1007 2144 1127 2223 etipsa
1149 2145 1214 2222 pari
1237 2149 1352 2223 tempe-

282 2249 384 2308 ratura
412 2247 607 2310 interantur
637 2248 671 2307 et
695 2247 857 2308 meridiem
874 2247 974 2325 posita
1004 2247 1069 2324 est,
1099 2237 1404 2326 qrrenradmodom,.15
1450 2264 1452 2267 ·

284 2351 366 2410 euius
386 2369 477 2429 supra
499 2349 620 2409 lecimus
642 2351 838 2428 mentionem,
861 2347 1017 2410 aestinnlis
1048 2348 1126 2408 inter
1147 2349 1354 2428 aequinoctia-

211 2529 215 2535 ,
282 2450 339 2511 lem
362 2453 393 2513 et
415 2447 695 2531 septentrionalem:
725 2452 802 2512 etin
825 2449 881 2510 liae
902 2467 978 2508 nona
991 2450 1016 2510 si
1029 2450 1077 2527 qui
1098 2449 1273 2527 lrrhalritant,
1288 2471 1355 2530 stap-

283 2553 434 2632 pellantur
463 2573 480 2616 a
510 2553 596 2614 nohis
624 2549 825 2628 ἀντίχθονος,
854 2543 898 2621 ὡς
924 2547 982 2628 τὴν
1011 2546 1153 2610 ἐναντίαν
1173 2544 1281 2627 χθόνα
1306 2551 1355 2612 or.

284 2653 421 2724 νοοῦντος.
466 2654 588 2736 Digitus
610 2653 749 2712 minimus
776 2649 870 2712 hahet
898 2651 1027 2732 quintam
1048 2668 1152 2712 nonam
1173 2651 1354 2732 appellatam
1479 2735 1485 2739 Ι

284 2751 406 2827 νότιον,
432 2756 566 2835 qnoniam
590 2774 630 2816 ex
652 2753 704 2814 illa
720 2757 806 2834 parte
829 2771 891 2815 cnm
914 2753 1006 2815 addat
1028 2754 1289 2830 uentuslmmidum
1305 2757 1407 2845 ἴοι-29

284 2854 325 2917 cit
345 2874 456 2918 aerem.
499 2857 574 2918 Nam
598 2859 630 2919 et
650 2846 798 2917 tremorem
821 2855 1110 2933 colligenseorpns
1132 2855 1217 2929 νοτίς
1237 2856 1354 2921 dicitur.
1484 2879 1487 2882 ’

285 2954 371 3019 llaec
390 2956 484 3037 plaga
505 2960 598 3021 latine
619 2957 760 3044 australis
787 2957 974 3037 appellatur,
1004 2958 1192 3036 depressior,
1213 2978 1300 3041 qnam
1320 2964 1357 3024 ut

286 3058 510 3122 anohlauideri
528 3062 635 3140 possit,
659 3062 691 3121 et
702 3060 770 3119 ideo
784 3060 862 3119 inira
884 3062 1046 3121 minentem
1070 3060 1237 3121 deseendit.
1259 3048 1355 3125 ¹Orl-

287 3176 343 3219 uon
363 3163 460 3221 antem
481 3164 549 3239 est,
572 3160 621 3242 qul
644 3158 746 3220 delinit
766 3159 922 3238 sphaeram
945 3162 1139 3240 superiorem,
1161 3164 1211 3247 qui
1233 3166 1265 3224 et
1278 3165 1358 3224 diem

287 3276 305 3319 a
327 3264 416 3324 noete
436 3261 630 3322 disterminat.
681 3260 767 3321 llaec
788 3278 906 3341 quoque
933 3264 1150 3340 praesumenda
1170 3262 1408 3327 inhabitati-25

288 3360 330 3423 lis
349 3366 476 3443 propter
497 3366 628 3443 rigores,
651 3382 727 3445 qnos
749 3362 879 3441 patiatur
892 3379 1018 3423 necesse
1032 3366 1091 3443 est,
1115 3366 1251 3444 qnoniam
1265 3368 1360 3446 longa

288 3464 327 3527 ab
350 3466 416 3527 sole
438 3470 634 3545 segregator.
677 3464 816 3543 Circulos
835 3464 932 3524 aetem
955 3463 1096 3524 nodiacus
1118 3468 1167 3545 qni
1190 3465 1360 3549 λοξόςορ-

289 3568 430 3647 pellator,
452 3588 508 3650 per
530 3574 592 3631 tres
613 3586 706 3630 nonas
727 3568 838 3629 medias
861 3567 973 3641 fertur,
1001 3582 1057 3644 per
1078 3583 1165 3646 quem
1187 3568 1235 3630 sol
1258 3572 1359 3633 currit.

290 3667 343 3731 Sic
367 3687 446 3746 ergo
466 3674 603 3751 quoniam
624 3672 660 3731 ad
682 3670 800 3730 ultimas
813 3685 870 3728 non
890 3663 1038 3747 peruenit,
1060 3668 1189 3747 frigidas
1209 3672 1359 3753 relinquit,

289 3769 413 3831 mediam
435 3777 555 3850 nonam,
578 3772 714 3853 quoniam
731 3787 825 3850 saepe
846 3772 968 3849 onerat,
995 3771 1116 3847 igneam
1137 3772 1221 3839 lacit.
1264 3768 1413 3838 Honeste

243 3873 250 3881 '
289 3890 388 3953 nonae
414 3874 589 3936 mentionem
619 3873 692 3935 lacit
719 3871 875 3949 Vergilius
898 3872 927 3932 in
948 3873 1092 3958 septimo,
1120 3891 1183 3935 com
1204 3875 1298 3939 uellet
1320 3897 1361 3939 ex
1476 3935 1480 3939 ,

246 3974 254 3987 ’
291 3974 391 4057 uerbis
413 3974 516 4039 llionei
539 3972 645 4037 Latino
668 3973 855 4053 confirmare,
881 3976 1023 4036 nerninem
1045 3992 1116 4037 esse
1135 3976 1167 4039 in
1189 3979 1262 4043 urhe
1284 3980 1359 4055 toto,
1447 4020 1453 4046 ·.

295 4156 351 4223 ,1.
369 4174 469 4227 eudem
491 4178 525 4229 V.
602 4174 700 4227 effecit
718 4177 754 4229 V.
830 4178 858 4243 2,
880 4174 950 4229 lecit
968 4179 1003 4228 V.
1083 4173 1109 4225 5.
1126 4189 1282 4246 ενςνμερννη
1300 4177 1360 4229 Vr.

326 4258 353 4307 7.
376 4272 409 4311 ee
428 4261 522 4312 noetis
542 4265 573 4309 P.
640 4262 683 4311 10.
703 4259 884 4327 significabat
903 4264 937 4311 V.
1006 4260 1050 4311 11.
1072 4270 1226 4323 χοημερινη
1244 4258 1280 4319 V,
1303 4256 1361 4311 clri-
1410 4245 1439 4270 ⁸

290 4341 399 4393 nrerine
410 4347 438 4395 P.
475 4344 572 4397 illaV.
608 4343 817 4395 dd.eiusVPE.
855 4346 897 4394 17.
910 4342 947 4408 si]
960 4347 1064 4395 suurn.
1102 4339 1146 4389 18.
1161 4339 1362 4396 antichthonum

216 4482 222 4490 ‚
292 4430 329 4477 Ρ.
362 4422 581 4483 ώς-οῑκοῦντος
593 4424 658 4477 dedi
667 4442 707 4481 ene
722 4430 762 4479 13:
782 4428 929 4481 lucunoin
946 4428 1004 4476 Vn).
1049 4426 1092 4476 2⁰.
1103 4440 1195 4477 νοηον
1205 4427 1245 4486 V,
1265 4430 1363 4480 noeman

292 4518 329 4575 Ρ,
354 4511 455 4565 nofion
478 4512 514 4561 Ε.
541 4511 606 4567 ‚it
626 4512 705 4563 notin
722 4516 783 4576 PE,
809 4512 913 4563 notitia
932 4512 967 4562 V.
1013 4510 1276 4571 23.an,0m.V1>.
1318 4514 1363 4563 ²⁷.

292 4592 394 4649 lochos
410 4604 441 4648 Ρ.
511 4596 554 4668 28.
574 4608 625 4664 per
644 4610 700 4649 em.
722 4598 756 4648 V.
828 4596 880 4647 tris
901 4597 935 4648 V.
1004 4593 1048 4645 ²9.
1066 4593 1216 4661 perueniat
1232 4595 1317 4647 VPE.
