3534 5450
179 1562 290 1624 aila
317 1593 323 1606 ·
402 1509 503 1614 Eu.
516 1549 549 1629 3,
570 1550 653 1615 Ξῖ*
678 1548 790 1630 stipula
810 1548 986 1628 disparuere
999 1559 1126 1608 carmen.
1156 1534 1370 1617 Signiioanter

297 1650 369 1712 illud
393 1650 549 1712 Theocriti
578 1651 753 1713 translatum
782 1649 909 1726 locauit,
935 1644 1041 1730 Ἀρκεῖ
1063 1666 1115 1708 σοι
1142 1634 1241 1705 καλά·
1305 1658 1370 1716 stat

294 1747 391 1814 ἆυλὸν
419 1747 600 1815 nonnosum
620 1748 625 1834 Ι
643 1745 751 1828 ἔχοντα.
807 1748 994 1831 Disperrlere
1023 1747 1199 1824 eleganter,
1230 1743 1270 1802 ex
1298 1738 1368 1801 loeo

295 1852 373 1934 quod
396 1853 424 1914 in
447 1852 562 1931 triniis,
585 1868 617 1912 re
640 1851 718 1931 quoul
742 1849 872 1931 stipula,
896 1869 972 1912 sono
994 1841 1272 1930 quodomnium!

357 1953 410 2016 30.
455 1954 508 2014 Bis
531 1953 614 2014 uouit
635 1950 673 2010 ad
695 1948 858 2012 mulctram.
902 1948 1112 2012 Adnotanulum
1126 1946 1205 2027 quod
1226 1944 1276 2008 hio
1291 1937 1398 2004 mul-5

295 2057 387 2116 otram
409 2053 685 2139 femininogenere
707 2051 860 2130 posuerit,
884 2067 947 2111 oum
970 2049 1041 2109 alibi
1063 2049 1187 2124 neutro,
1208 2044 1368 2123 implebunt

294 2153 472 2218 mulotrolia
492 2171 625 2214 anonae.
680 2148 798 2212 Totum
817 2149 823 2232 Ι
842 2153 939 2213 autem
968 2151 1017 2213 est
1044 2165 1086 2211 ex
1115 2147 1172 2208 illo
1198 2144 1366 2223 Theooriti,

295 2251 432 2342 Μόσχον
454 2251 513 2334 lya
534 2245 655 2334 θήσω,
670 2247 709 2312 σὺ
731 2249 765 2312 δὲ
787 2249 845 2324 θὲς
866 2244 1065 2333 ῖὰομᾶρτυρα
1078 2243 1180 2327 simron
1195 2249 1226 2308 et
1240 2245 1366 2327 reliqua.

268 2359 390 2430 5lliuos
412 2356 466 2419 alit
487 2353 582 2414 ubere
601 2347 721 2433 foetus.
763 2349 875 2414 Dixit
893 2356 899 2425 Ι
917 2371 974 2414 suo
992 2368 1075 2413 more
1097 2350 1184 2411 binos
1211 2365 1267 2429 pro
1289 2344 1372 2407 ‹luo-³

294 2461 361 2537 bus,
374 2459 417 2518 'ut
437 2455 520 2530 alibi,
543 2453 617 2512 Bina
641 2470 727 2512 manu
749 2451 811 2514 lato
834 2453 971 2530 crispans
992 2449 1114 2512 hastilia
1134 2449 1225 2509 ferro.
1267 2446 1367 2508 Prae·

294 2559 403 2623 dicatio
426 2552 539 2617 uitulae
562 2553 627 2628 ost,
650 2569 726 2632 quae
749 2552 823 2614 duos
844 2547 957 2630 foetus
975 2544 1132 2628 labem!

357 2659 410 2724 31.
453 2655 519 2739 Quo
547 2653 677 2733 pignora
716 2650 860 2729 certem}
885 2668 944 2733 quo
982 2666 1075 2732 opere
1111 2645 1258 2724 confligas
1282 2643 1289 2727 Ι
1317 2644 1366 2706 nel

293 2761 373 2844 quod
395 2757 553 2838 praemium
575 2752 613 2815 aul
636 2756 784 2815 uertameu
806 2750 962 2814 exhibeas.
981 2748 989 2832 Ι
1325 2817 1329 2825 ι

268 2854 300 2937 1)1
356 2862 411 2927 34.
454 2858 568 2937 Bisque
590 2855 639 2917 dia
660 2855 814 2917 numerant
836 2848 930 2914 ambo
953 2868 1066 2933 pamm:
1095 2852 1241 2909 mea
1260 2861 1366 2908 nume·

248 2972 356 3036 lorum
382 2980 439 3025 non
461 2959 561 3019 sinunt
583 2952 758 3037 quicquam!
780 2955 818 3017 de
836 2971 939 3033 grege
954 2951 1139 3014 imminuere:
1161 2938 1418 3012 uterorum-15

294 3068 367 3127 dus:
390 3062 533 3125 alteruter
555 3058 642 3120 otiam
669 3057 803 3136 haedos,
831 3059 864 3118 ut
891 3072 961 3116 eura
979 3051 984 3134 Ι
1003 3052 1184 3133 propensior
1212 3050 1367 3120 indicetur,

294 3185 357 3229 oum
380 3166 468 3227 eliam
491 3159 652 3223 haedorum
674 3176 813 3219 numerus
835 3158 1014 3237 requiratur.
1033 3152 1039 3234 Ι
1164 3227 1167 3230 Ι

272 3299 275 3305 ’
356 3268 408 3331 37.
447 3261 680 3324 Alcimedontis:
710 3258 808 3321 fiotum
824 3274 931 3320 nomen
945 3254 1077 3316 artiliols.
1121 3250 1274 3328 Nusquam
1290 3247 1365 3307 onim

292 3370 358 3441 laus
385 3365 471 3427 lmius
501 3362 603 3439 operis
633 3357 813 3438 inmeritum!
849 3360 880 3419 ot
907 3354 1002 3417 uoluit
1023 3352 1223 3417 obscuriorem
1245 3357 1365 3409 sensum

292 3468 418 3531 reddere
447 3462 542 3525 noluit
563 3494 764 3505 ---—-
792 3456 939 3541 [laedere]
1187 3468 1268 3510 orum
1286 3449 1293 3527 Ι
1312 3434 1408 3526 uri-20

175 3590 181 3595 ·
293 3590 373 3651 gnus
396 3570 514 3629 lurturao
537 3561 765 3641 concertationis
788 3553 936 3636 adiuuit!

140 3664 144 3719 ⁷³
205 3662 284 3723 ¹5⁰
352 3672 405 3733 29.
449 3665 675 3727 Vitulamm-
693 3662 700 3744 Ι
719 3661 819 3741 operis
841 3658 958 3720 auditor
979 3654 1117 3733 parot-
1140 3647 1147 3729 Ι
1171 3648 1248 3727 apud
1273 3649 1361 3707 uete-

246 3777 345 3839 20res
359 3804 402 3815 -—
418 3766 423 3850 Ι
445 3767 551 3827 bantur
574 3762 660 3845 (aJut
673 3782 706 3825 eo
722 3794 762 3807 -
781 3760 788 3842 Ι
806 3760 918 3822 arietes
936 3753 1001 3837 ait)
1015 3757 1063 3817 tra
1077 3785 1117 3800 -
1137 3747 1144 3834 Ι
1161 3749 1283 3832 lrirquos
1304 3750 1363 3809 lue-

295 3891 384 3935 ro-
404 3867 409 3950 Ι
428 3867 515 3948 lyrici
538 3868 648 3927 tauros.
668 3861 672 3942 Ι

360 3972 414 4035 38.
451 3970 555 4031 Τοηιο
578 3963 722 4042 facil-l
745 3964 946 4043 scalptura-
965 3958 972 4041 Ι
990 3976 1008 4019 a
1029 3957 1130 4020 sonitu
1154 3950 1263 4031 ....-l
1374 3934 1418 3995 25

250 4064 294 4126 ²5
362 4073 416 4137 39.
463 4069 607 4151 Corymhi
636 4069 705 4129 sunt
732 4064 792 4125 hed
812 4062 879 4146 -Ι
905 4063 1021 4125 fruetus
1043 4058 1149 4139 granis
1170 4054 1247 4113 lr-
1267 4050 1368 4129 linter

297 4193 333 4237 so
353 4169 539 4255 coeunt-l
598 4175 606 4187 ‘

305 4416 309 4427 ¹
368 4356 475 4423 221,1.
509 4352 660 4419 leeoemlr,
679 4353 705 4403 7.
776 4352 803 4402 2.
822 4348 990 4402 ΕΧΟΝΤΕΙ
1005 4345 1096 4393 codex.
1164 4334 1190 4386 3.
1213 4329 1369 4393 6.3,177.

300 4440 448 4508 implebunt
471 4458 553 4507 supra
572 4438 668 4490 lineam
686 4438 808 4505 scriplum
832 4446 878 4483 ost.
949 4428 974 4477 1.
996 4428 1104 4477 Theocr.
1122 4421 1156 4487 8,
1175 4418 1219 4469 11.
1290 4416 1314 4466 1.
1334 4418 1371 4465 A.

301 4530 330 4593 1,
348 4528 409 4579 313.
483 4526 529 4578 16.
550 4519 664 4573 auditor
686 4538 768 4586 supra
791 4518 889 4569 lineum
909 4515 1097 4581 scriptumest.
1180 4502 1224 4556 19.
1258 4501 1325 4552 Num
1346 4502 1376 4548 at

306 4634 340 4666 om
359 4628 392 4665 ilc
410 4626 472 4665 esaei
492 4615 520 4663 in
545 4610 633 4660 codice
650 4606 780 4657 dubitaui,
